Order ID,Customer ID,Product ID,Date_Key,Date,Shipping Time,Shipping Mode,Quantity,Revenue,Discount ,Profit
OD0001,C351,P0001,20180101,1/1/2018,6,Standard,1,244,30.00%,244
OD0002,C771,P0001,20180102,1/2/2018,3,Standard,1,245,30.00%,245
OD0003,C641,P0001,20180103,1/3/2018,7,Standard,3,245,30.00%,245
OD0004,C905,P0001,20180104,1/4/2018,4,Standard,2,264,25.00%,264
OD0005,C904,P0001,20180105,1/5/2018,6,Standard,2,264,25.00%,264
OD0006,C808,P0002,20180106,1/6/2018,9,Standard,2,247,30.00%,247
OD0007,C872,P0003,20180107,1/7/2018,2,Standard,1,248,30.00%,248
OD0008,C288,P0004,20180108,1/8/2018,6,Standard,1,249,30.00%,249
OD0009,C255,P0005,20180109,1/9/2018,7,Standard,4,1333,40.00%,1333
OD0010,C533,P0006,20180110,1/10/2018,4,Standard,1,1405,40.00%,1405
OD0011,C361,P0007,20180111,1/11/2018,3,Standard,1,1344,40.00%,1344
OD0012,C864,P0007,20180112,1/12/2018,7,Standard,1,1351,40.00%,1351
OD0013,C411,P0007,20180113,1/13/2018,7,Standard,2,1347,40.00%,1347
OD0014,C758,P0008,20180114,1/14/2018,2,Standard,2,1338,40.00%,1338
OD0015,C66,P0009,20180115,1/15/2018,5,Standard,1,1348,45.00%,1348
OD0016,C848,P0010,20180116,1/16/2018,4,Standard,2,1229,45.00%,1229
OD0017,C729,P0011,20180117,1/17/2018,1,Prime,4,1234,45.00%,1234
OD0018,C952,P0012,20180118,1/18/2018,7,Standard,2,1184,47.00%,1184
OD0019,C395,P0012,20180119,1/19/2018,5,Standard,4,2214,47.00%,1173
OD0020,C247,P0012,20180120,1/20/2018,1,Prime,3,2231,46.00%,1204
OD0021,C518,P0013,20180121,1/21/2018,4,Standard,1,2145,46.00%,1158
OD0022,C76,P0014,20180122,1/22/2018,0,Same Day,2,2356,46.00%,1272
OD0023,C896,P0015,20180123,1/23/2018,9,Standard,4,2412,30.00%,1688
OD0024,C937,P0016,20180124,1/24/2018,5,Standard,3,2234,30.00%,1563
OD0025,C950,P0017,20180125,1/25/2018,8,Standard,3,2214,30.00%,1549
OD0026,C88,P0018,20180126,1/26/2018,0,Same Day,2,999,30.00%,699
OD0027,C822,P0019,20180127,1/27/2018,9,Standard,2,1119,30.00%,783
OD0028,C157,P0020,20180128,1/28/2018,2,Standard,3,1119,35.00%,727
OD0029,C462,P0021,20180129,1/29/2018,6,Standard,1,1119,35.00%,727
OD0030,C511,P0022,20180130,1/30/2018,3,Standard,1,1119,35.00%,727
OD0031,C946,P0023,20180131,1/31/2018,8,Standard,4,985,35.00%,640
OD0032,C781,P0024,20180201,2/1/2018,2,Standard,1,985,35.00%,640
OD0033,C453,P0024,20180202,2/2/2018,4,Standard,3,985,35.00%,640
OD0034,C461,P0024,20180203,2/3/2018,2,Standard,3,985,40.00%,591
OD0035,C843,P0025,20180204,2/4/2018,6,Standard,3,985,40.00%,591
OD0036,C209,P0026,20180205,2/5/2018,4,Standard,1,369,15.00%,313
OD0037,C231,P0027,20180206,2/6/2018,8,Standard,4,399,15.00%,339
OD0038,C702,P0028,20180207,2/7/2018,6,Standard,1,399,15.00%,339
OD0039,C97,P0029,20180208,2/8/2018,1,Prime,4,399,35.00%,259
OD0040,C673,P0030,20180209,2/9/2018,3,Standard,1,399,35.00%,259
OD0041,C428,P0031,20180210,2/10/2018,8,Standard,3,555,35.00%,360
OD0042,C955,P0032,20180211,2/11/2018,1,Prime,3,555,35.00%,360
OD0043,C405,P0033,20180212,2/12/2018,9,Standard,2,555,55.00%,249
OD0044,C906,P0034,20180213,2/13/2018,8,Standard,1,555,55.00%,249
OD0045,C830,P0035,20180214,2/14/2018,9,Standard,1,675,55.00%,303
OD0046,C187,P0036,20180215,2/15/2018,4,Standard,2,675,55.00%,303
OD0047,C861,P0037,20180216,2/16/2018,1,Prime,3,675,50.00%,337
OD0048,C286,P0038,20180217,2/17/2018,3,Standard,1,654,50.00%,327
OD0049,C435,P0038,20180218,2/18/2018,6,Standard,2,654,50.00%,327
OD0050,C636,P0038,20180219,2/19/2018,7,Standard,1,654,50.00%,327
OD0051,C85,P0039,20180220,2/20/2018,2,Standard,4,654,50.00%,327
OD0052,C105,P0040,20180221,2/21/2018,0,Same Day,3,356,30.00%,249
OD0053,C413,P0041,20180222,2/22/2018,3,Standard,4,2235,32.00%,1519
OD0054,C940,P0042,20180223,2/23/2018,1,Prime,3,1125,25.00%,843
OD0055,C958,P0043,20180224,2/24/2018,7,Standard,2,2451,45.00%,1348
OD0056,C825,P0044,20180225,2/25/2018,3,Standard,3,2263,15.00%,1923
OD0057,C830,P0045,20180226,2/26/2018,1,Prime,3,1365,33.00%,914
OD0058,C784,P0046,20180227,2/27/2018,5,Standard,2,2453,42.00%,1422
OD0059,C32,P0047,20180228,2/28/2018,5,Standard,3,1555,42.00%,901
OD0060,C776,P0048,20180301,3/1/2018,9,Standard,1,1234,39.00%,752
OD0061,C991,P0049,20180302,3/2/2018,3,Standard,2,2344,39.00%,1429
OD0062,C820,P0050,20180303,3/3/2018,5,Standard,2,2142,39.00%,1306
OD0063,C891,P0051,20180304,3/4/2018,1,Prime,2,2612,39.00%,1593
OD0064,C722,P0051,20180305,3/5/2018,9,Standard,4,2243,30.00%,1570
OD0065,C49,P0051,20180306,3/6/2018,1,Prime,4,333,30.00%,233
OD0066,C47,P0052,20180307,3/7/2018,9,Standard,3,236,30.00%,165
OD0067,C233,P0053,20180308,3/8/2018,3,Standard,2,456,25.00%,342
OD0068,C571,P0054,20180309,3/9/2018,7,Standard,3,963,25.00%,722
OD0069,C154,P0055,20180310,3/10/2018,6,Standard,1,234,30.00%,163
OD0070,C87,P0056,20180311,3/11/2018,8,Standard,2,456,30.00%,319
OD0071,C75,P0057,20180312,3/12/2018,7,Standard,1,564,30.00%,394
OD0072,C536,P0058,20180313,3/13/2018,4,Standard,3,634,40.00%,380
OD0073,C448,P0059,20180314,3/14/2018,1,Prime,4,236,40.00%,141
OD0074,C70,P0060,20180315,3/15/2018,4,Standard,3,444,40.00%,266
OD0075,C846,P0060,20180316,3/16/2018,7,Standard,1,456,40.00%,273
OD0076,C152,P0060,20180317,3/17/2018,9,Standard,2,963,40.00%,577
OD0077,C204,P0060,20180318,3/18/2018,8,Standard,3,456,40.00%,273
OD0078,C544,P0061,20180319,3/19/2018,8,Standard,2,1189,45.00%,653
OD0079,C553,P0062,20180320,3/20/2018,0,Same Day,4,1298,45.00%,713
OD0080,C346,P0063,20180321,3/21/2018,8,Standard,4,1456,45.00%,800
OD0081,C633,P0064,20180322,3/22/2018,6,Standard,4,1478,47.00%,783
OD0082,C861,P0065,20180323,3/23/2018,8,Standard,2,256,47.00%,135
OD0083,C841,P0066,20180324,3/24/2018,7,Standard,3,2698,46.00%,1456
OD0084,C30,P0067,20180325,3/25/2018,0,Same Day,2,2364,46.00%,1276
OD0085,C293,P0068,20180326,3/26/2018,7,Standard,2,1236,46.00%,667
OD0086,C552,P0069,20180327,3/27/2018,7,Standard,3,756,30.00%,529
OD0087,C152,P0070,20180328,3/28/2018,2,Standard,4,326,30.00%,228
OD0088,C859,P0071,20180329,3/29/2018,0,Same Day,4,453,30.00%,317
OD0089,C573,P0072,20180330,3/30/2018,7,Standard,3,326,30.00%,228
OD0090,C750,P0073,20180331,3/31/2018,2,Standard,2,456,30.00%,319
OD0091,C376,P0074,20180401,4/1/2018,2,Standard,2,675,35.00%,438
OD0092,C59,P0075,20180402,4/2/2018,0,Same Day,4,654,35.00%,425
OD0093,C931,P0076,20180403,4/3/2018,4,Standard,1,654,35.00%,425
OD0094,C343,P0077,20180404,4/4/2018,9,Standard,1,654,35.00%,425
OD0095,C993,P0077,20180405,4/5/2018,6,Standard,1,654,35.00%,425
OD0096,C855,P0077,20180406,4/6/2018,9,Standard,2,356,35.00%,231
OD0097,C561,P0077,20180407,4/7/2018,8,Standard,2,686,40.00%,411
OD0098,C159,P0077,20180408,4/8/2018,6,Standard,4,456,40.00%,273
OD0099,C269,P0078,20180409,4/9/2018,8,Standard,1,516,15.00%,438
OD0100,C781,P0079,20180410,4/10/2018,7,Standard,4,355,15.00%,301
OD0101,C382,P0080,20180411,4/11/2018,1,Prime,4,465,15.00%,395
OD0102,C975,P0081,20180412,4/12/2018,0,Same Day,4,965,35.00%,627
OD0103,C169,P0082,20180413,4/13/2018,6,Standard,3,1158,35.00%,752
OD0104,C99,P0083,20180414,4/14/2018,6,Standard,1,264,35.00%,171
OD0105,C904,P0084,20180415,4/15/2018,7,Standard,1,433,35.00%,281
OD0106,C566,P0085,20180416,4/16/2018,4,Standard,3,562,55.00%,252
OD0107,C469,P0086,20180417,4/17/2018,2,Standard,3,423,55.00%,190
OD0108,C139,P0087,20180418,4/18/2018,7,Standard,1,621,55.00%,279
OD0109,C293,P0088,20180419,4/19/2018,5,Standard,3,333,55.00%,149
OD0110,C943,P0089,20180420,4/20/2018,2,Standard,4,236,50.00%,118
OD0111,C119,P0090,20180421,4/21/2018,0,Same Day,2,456,50.00%,228
OD0112,C06,P0091,20180422,4/22/2018,2,Standard,4,963,50.00%,481
OD0113,C104,P0092,20180423,4/23/2018,4,Standard,1,234,50.00%,117
OD0114,C516,P0093,20180424,4/24/2018,2,Standard,3,456,50.00%,228
OD0115,C106,P0094,20180425,4/25/2018,0,Same Day,2,564,30.00%,394
OD0116,C50,P0094,20180426,4/26/2018,4,Standard,1,634,32.00%,431
OD0117,C242,P0094,20180427,4/27/2018,9,Standard,3,236,25.00%,177
OD0118,C213,P0095,20180428,4/28/2018,6,Standard,2,444,45.00%,244
OD0119,C336,P0096,20180429,4/29/2018,6,Standard,2,456,15.00%,387
OD0120,C388,P0097,20180430,4/30/2018,8,Standard,3,963,33.00%,645
OD0121,C192,P0098,20180501,5/1/2018,9,Standard,2,456,42.00%,264
OD0122,C225,P0099,20180502,5/2/2018,9,Standard,1,1189,42.00%,689
OD0123,C323,P0100,20180503,5/3/2018,2,Standard,3,1298,39.00%,791
OD0124,C212,P0101,20180504,5/4/2018,6,Standard,4,1456,39.00%,888
OD0125,C911,P0102,20180505,5/5/2018,0,Same Day,1,1478,39.00%,901
OD0126,C491,P0103,20180506,5/6/2018,3,Standard,1,256,39.00%,156
OD0127,C108,P0104,20180507,5/7/2018,3,Standard,3,2698,30.00%,1888
OD0128,C290,P0105,20180508,5/8/2018,4,Standard,3,2364,30.00%,1654
OD0129,C907,P0106,20180509,5/9/2018,6,Standard,2,1236,30.00%,865
OD0130,C62,P0107,20180510,5/10/2018,6,Standard,1,756,25.00%,567
OD0131,C156,P0108,20180511,5/11/2018,3,Standard,2,326,25.00%,244
OD0132,C107,P0108,20180512,5/12/2018,6,Standard,1,453,30.00%,317
OD0133,C427,P0108,20180513,5/13/2018,2,Standard,1,326,30.00%,228
OD0134,C179,P0108,20180514,5/14/2018,5,Standard,4,456,30.00%,319
OD0135,C751,P0108,20180515,5/15/2018,1,Prime,1,675,40.00%,405
OD0136,C94,P0109,20180516,5/16/2018,9,Standard,2,654,40.00%,392
OD0137,C904,P0110,20180517,5/17/2018,8,Standard,2,654,40.00%,392
OD0138,C498,P0111,20180518,5/18/2018,4,Standard,4,654,40.00%,392
OD0139,C322,P0112,20180519,5/19/2018,5,Standard,2,654,40.00%,392
OD0140,C822,P0113,20180520,5/20/2018,3,Standard,3,356,40.00%,213
OD0141,C778,P0113,20180521,5/21/2018,9,Standard,4,686,45.00%,377
OD0142,C49,P0113,20180522,5/22/2018,6,Standard,2,456,45.00%,250
OD0143,C851,P0114,20180523,5/23/2018,8,Standard,2,516,45.00%,283
OD0144,C148,P0115,20180524,5/24/2018,6,Standard,3,355,47.00%,188
OD0145,C385,P0116,20180525,5/25/2018,0,Same Day,4,465,47.00%,246
OD0146,C312,P0117,20180526,5/26/2018,0,Same Day,3,965,46.00%,521
OD0147,C854,P0118,20180527,5/27/2018,8,Standard,4,1158,46.00%,625
OD0148,C258,P0119,20180528,5/28/2018,8,Standard,4,264,46.00%,142
OD0149,C659,P0120,20180529,5/29/2018,3,Standard,1,433,30.00%,303
OD0150,C131,P0121,20180530,5/30/2018,8,Standard,2,562,30.00%,393
OD0151,C561,P0122,20180531,5/31/2018,2,Standard,2,423,30.00%,296
OD0152,C98,P0123,20180601,6/1/2018,6,Standard,1,621,30.00%,434
OD0153,C570,P0124,20180602,6/2/2018,5,Standard,3,333,30.00%,233
OD0154,C344,P0125,20180603,6/3/2018,7,Standard,1,236,35.00%,153
OD0155,C934,P0126,20180604,6/4/2018,8,Standard,2,456,35.00%,296
OD0156,C584,P0127,20180605,6/5/2018,4,Standard,2,963,35.00%,625
OD0157,C491,P0128,20180606,6/6/2018,0,Same Day,1,234,35.00%,152
OD0158,C425,P0129,20180607,6/7/2018,2,Standard,1,456,35.00%,296
OD0159,C342,P0130,20180608,6/8/2018,9,Standard,1,564,35.00%,366
OD0160,C664,P0131,20180609,6/9/2018,7,Standard,2,634,40.00%,380
OD0161,C930,P0132,20180610,6/10/2018,5,Standard,1,236,40.00%,141
OD0162,C339,P0133,20180611,6/11/2018,7,Standard,1,444,15.00%,377
OD0163,C760,P0134,20180612,6/12/2018,8,Standard,3,456,15.00%,387
OD0164,C766,P0135,20180613,6/13/2018,3,Standard,1,963,15.00%,818
OD0165,C36,P0136,20180614,6/14/2018,0,Same Day,2,456,35.00%,296
OD0166,C793,P0137,20180615,6/15/2018,0,Same Day,3,1189,35.00%,772
OD0167,C451,P0138,20180616,6/16/2018,9,Standard,4,1298,35.00%,843
OD0168,C720,P0138,20180617,6/17/2018,3,Standard,2,1456,35.00%,946
OD0169,C774,P0138,20180618,6/18/2018,6,Standard,2,1478,55.00%,665
OD0170,C582,P0139,20180619,6/19/2018,1,Prime,4,256,55.00%,115
OD0171,C92,P0140,20180620,6/20/2018,2,Standard,2,2698,55.00%,1214
OD0172,C310,P0141,20180621,6/21/2018,0,Same Day,4,2364,55.00%,1063
OD0173,C44,P0142,20180622,6/22/2018,4,Standard,4,1236,50.00%,618
OD0174,C358,P0143,20180623,6/23/2018,0,Same Day,2,756,50.00%,378
OD0175,C785,P0144,20180624,6/24/2018,7,Standard,1,326,50.00%,163
OD0176,C246,P0145,20180625,6/25/2018,0,Same Day,1,453,50.00%,226
OD0177,C519,P0146,20180626,6/26/2018,0,Same Day,4,326,50.00%,163
OD0178,C142,P0147,20180627,6/27/2018,1,Prime,3,456,30.00%,319
OD0179,C755,P0148,20180628,6/28/2018,1,Prime,4,456,32.00%,310
OD0180,C74,P0149,20180629,6/29/2018,5,Standard,4,456,25.00%,342
OD0181,C708,P0150,20180630,6/30/2018,6,Standard,4,456,45.00%,250
OD0182,C984,P0151,20180701,7/1/2018,4,Standard,1,236,15.00%,200
OD0183,C667,P0152,20180702,7/2/2018,0,Same Day,1,996,33.00%,667
OD0184,C947,P0153,20180703,7/3/2018,0,Same Day,1,654,42.00%,379
OD0185,C891,P0154,20180704,7/4/2018,2,Standard,4,456,42.00%,264
OD0186,C143,P0155,20180705,7/5/2018,1,Prime,3,785,39.00%,478
OD0187,C833,P0156,20180706,7/6/2018,4,Standard,1,365,39.00%,222
OD0188,C758,P0157,20180707,7/7/2018,9,Standard,2,965,39.00%,588
OD0189,C194,P0158,20180708,7/8/2018,5,Standard,2,444,39.00%,270
OD0190,C337,P0159,20180709,7/9/2018,6,Standard,2,569,30.00%,398
OD0191,C817,P0160,20180710,7/10/2018,3,Standard,4,475,30.00%,332
OD0192,C273,P0161,20180711,7/11/2018,6,Standard,2,598,30.00%,418
OD0193,C432,P0162,20180712,7/12/2018,7,Standard,4,536,25.00%,402
OD0194,C208,P0163,20180713,7/13/2018,0,Same Day,2,256,25.00%,192
OD0195,C34,P0164,20180714,7/14/2018,5,Standard,3,456,30.00%,319
OD0196,C952,P0165,20180715,7/15/2018,7,Standard,4,456,30.00%,319
OD0197,C703,P0166,20180716,7/16/2018,4,Standard,2,745,30.00%,521
OD0198,C816,P0167,20180717,7/17/2018,3,Standard,1,356,40.00%,213
OD0199,C195,P0168,20180718,7/18/2018,1,Prime,4,1189,40.00%,713
OD0200,C831,P0168,20180719,7/19/2018,5,Standard,1,426,40.00%,255
OD0201,C157,P0168,20180720,7/20/2018,5,Standard,1,1126,40.00%,675
OD0202,C845,P0168,20180721,7/21/2018,0,Same Day,1,1145,40.00%,687
OD0203,C534,P0169,20180722,7/22/2018,8,Standard,1,1235,40.00%,741
OD0204,C43,P0170,20180723,7/23/2018,5,Standard,2,1564,45.00%,860
OD0205,C46,P0171,20180724,7/24/2018,2,Standard,2,654,45.00%,359
OD0206,C607,P0172,20180725,7/25/2018,3,Standard,4,854,45.00%,469
OD0207,C163,P0173,20180726,7/26/2018,3,Standard,4,475,47.00%,251
OD0208,C467,P0174,20180727,7/27/2018,2,Standard,4,349,47.00%,184
OD0209,C915,P0175,20180728,7/28/2018,9,Standard,2,350,46.00%,189
OD0210,C913,P0176,20180729,7/29/2018,2,Standard,4,351,46.00%,189
OD0211,C626,P0177,20180730,7/30/2018,2,Standard,1,352,46.00%,190
OD0212,C473,P0178,20180731,7/31/2018,3,Standard,2,353,30.00%,247
OD0213,C456,P0179,20180801,8/1/2018,6,Standard,4,354,30.00%,247
OD0214,C189,P0180,20180802,8/2/2018,3,Standard,1,355,30.00%,248
OD0215,C745,P0181,20180803,8/3/2018,8,Standard,4,356,30.00%,249
OD0216,C696,P0182,20180804,8/4/2018,0,Same Day,3,999,30.00%,699
OD0217,C404,P0183,20180805,8/5/2018,7,Standard,4,555,35.00%,360
OD0218,C990,P0184,20180806,8/6/2018,6,Standard,3,555,35.00%,360
OD0219,C13,P0185,20180807,8/7/2018,1,Prime,4,555,35.00%,360
OD0220,C117,P0186,20180808,8/8/2018,7,Standard,4,555,35.00%,360
OD0221,C110,P0187,20180809,8/9/2018,0,Same Day,2,1025,35.00%,666
OD0222,C310,P0188,20180810,8/10/2018,8,Standard,2,1025,35.00%,666
OD0223,C682,P0188,20180811,8/11/2018,8,Standard,3,1025,40.00%,615
OD0224,C874,P0188,20180812,8/12/2018,1,Prime,2,555,40.00%,333
OD0225,C854,P0189,20180813,8/13/2018,6,Standard,1,599,15.00%,509
OD0226,C22,P0190,20180814,8/14/2018,9,Standard,1,555,15.00%,471
OD0227,C801,P0191,20180815,8/15/2018,2,Standard,3,555,15.00%,471
OD0228,C332,P0192,20180816,8/16/2018,6,Standard,1,2245,35.00%,1459
OD0229,C608,P0193,20180817,8/17/2018,9,Standard,1,2256,35.00%,1466
OD0230,C389,P0194,20180818,8/18/2018,8,Standard,4,2214,35.00%,1439
OD0231,C260,P0195,20180819,8/19/2018,3,Standard,2,2145,35.00%,1394
OD0232,C359,P0196,20180820,8/20/2018,0,Same Day,1,2325,55.00%,1046
OD0233,C369,P0197,20180821,8/21/2018,1,Prime,1,2256,55.00%,1015
OD0234,C295,P0198,20180822,8/22/2018,0,Same Day,2,1425,55.00%,641
OD0235,C155,P0199,20180823,8/23/2018,4,Standard,1,2236,55.00%,1006
OD0236,C275,P0200,20180824,8/24/2018,4,Standard,1,2525,50.00%,1262
OD0237,C996,P0201,20180825,8/25/2018,6,Standard,2,2145,50.00%,1072
OD0238,C912,P0202,20180826,8/26/2018,8,Standard,4,2365,50.00%,1182
OD0239,C919,P0203,20180827,8/27/2018,8,Standard,1,1245,50.00%,622
OD0240,C606,P0204,20180828,8/28/2018,2,Standard,2,3245,50.00%,1622
OD0241,C932,P0205,20180829,8/29/2018,2,Standard,1,1222,30.00%,855
OD0242,C816,P0206,20180830,8/30/2018,2,Standard,1,2451,32.00%,1666
OD0243,C969,P0207,20180831,8/31/2018,3,Standard,4,2256,25.00%,1692
OD0244,C32,P0208,20180901,9/1/2018,7,Standard,3,399,45.00%,219
OD0245,C695,P0209,20180902,9/2/2018,5,Standard,3,399,15.00%,339
OD0246,C396,P0210,20180903,9/3/2018,7,Standard,2,399,33.00%,267
OD0247,C836,P0211,20180904,9/4/2018,0,Same Day,3,399,42.00%,231
OD0248,C769,P0212,20180905,9/5/2018,7,Standard,2,555,42.00%,321
OD0249,C876,P0213,20180906,9/6/2018,3,Standard,3,555,39.00%,338
OD0250,C105,P0214,20180907,9/7/2018,0,Same Day,4,555,39.00%,338
OD0251,C591,P0214,20180908,9/8/2018,7,Standard,2,555,39.00%,338
OD0252,C953,P0214,20180909,9/9/2018,3,Standard,3,675,39.00%,411
OD0253,C148,P0214,20180910,9/10/2018,5,Standard,4,675,30.00%,472
OD0254,C154,P0214,20180911,9/11/2018,7,Standard,3,675,30.00%,472
OD0255,C786,P0215,20180912,9/12/2018,3,Standard,1,654,30.00%,457
OD0256,C397,P0216,20180913,9/13/2018,2,Standard,1,654,25.00%,490
OD0257,C262,P0217,20180914,9/14/2018,8,Standard,4,654,25.00%,490
OD0258,C698,P0218,20180915,9/15/2018,2,Standard,1,654,30.00%,457
OD0259,C605,P0219,20180916,9/16/2018,8,Standard,1,356,30.00%,249
OD0260,C619,P0220,20180917,9/17/2018,1,Prime,2,686,30.00%,480
OD0261,C80,P0221,20180918,9/18/2018,1,Prime,3,456,40.00%,273
OD0262,C375,P0222,20180919,9/19/2018,1,Prime,2,516,40.00%,309
OD0263,C30,P0223,20180920,9/20/2018,5,Standard,3,355,40.00%,213
OD0264,C89,P0224,20180921,9/21/2018,2,Standard,1,465,40.00%,279
OD0265,C655,P0225,20180922,9/22/2018,8,Standard,2,965,40.00%,579
OD0266,C723,P0226,20180923,9/23/2018,3,Standard,3,1158,40.00%,694
OD0267,C701,P0227,20180924,9/24/2018,0,Same Day,3,264,45.00%,145
OD0268,C06,P0228,20180925,9/25/2018,3,Standard,2,433,45.00%,238
OD0269,C598,P0229,20180926,9/26/2018,0,Same Day,4,562,45.00%,309
OD0270,C700,P0230,20180927,9/27/2018,4,Standard,3,423,47.00%,224
OD0271,C379,P0231,20180928,9/28/2018,3,Standard,1,621,47.00%,329
OD0272,C89,P0232,20180929,9/29/2018,7,Standard,3,333,46.00%,179
OD0273,C45,P0233,20180930,9/30/2018,7,Standard,1,236,46.00%,127
OD0274,C622,P0234,20181001,10/1/2018,6,Standard,2,456,46.00%,246
OD0275,C140,P0235,20181002,10/2/2018,2,Standard,3,963,30.00%,674
OD0276,C433,P0236,20181003,10/3/2018,0,Same Day,1,234,30.00%,163
OD0277,C411,P0237,20181004,10/4/2018,0,Same Day,1,456,30.00%,319
OD0278,C411,P0238,20181005,10/5/2018,2,Standard,2,564,30.00%,394
OD0279,C85,P0239,20181006,10/6/2018,5,Standard,3,634,30.00%,443
OD0280,C620,P0240,20181007,10/7/2018,6,Standard,3,236,35.00%,153
OD0281,C854,P0241,20181008,10/8/2018,5,Standard,2,444,35.00%,288
OD0282,C828,P0242,20181009,10/9/2018,5,Standard,3,456,35.00%,296
OD0283,C824,P0243,20181010,10/10/2018,5,Standard,2,963,35.00%,625
OD0284,C938,P0244,20181011,10/11/2018,2,Standard,3,456,35.00%,296
OD0285,C446,P0245,20181012,10/12/2018,5,Standard,4,1189,35.00%,772
OD0286,C947,P0245,20181013,10/13/2018,7,Standard,3,1298,40.00%,778
OD0287,C863,P0245,20181014,10/14/2018,1,Prime,1,1456,40.00%,873
OD0288,C732,P0246,20181015,10/15/2018,4,Standard,1,1478,15.00%,1256
OD0289,C707,P0247,20181016,10/16/2018,0,Same Day,4,256,15.00%,217
OD0290,C32,P0248,20181017,10/17/2018,0,Same Day,3,2698,15.00%,2293
OD0291,C124,P0249,20181018,10/18/2018,4,Standard,1,2364,35.00%,1536
OD0292,C814,P0250,20181019,10/19/2018,2,Standard,1,1236,35.00%,803
OD0293,C209,P0251,20181020,10/20/2018,3,Standard,3,756,35.00%,491
OD0294,C659,P0252,20181021,10/21/2018,2,Standard,2,326,35.00%,211
OD0295,C694,P0253,20181022,10/22/2018,0,Same Day,3,453,55.00%,203
OD0296,C628,P0254,20181023,10/23/2018,0,Same Day,2,326,55.00%,146
OD0297,C555,P0255,20181024,10/24/2018,4,Standard,4,456,55.00%,205
OD0298,C373,P0256,20181025,10/25/2018,5,Standard,4,675,55.00%,303
OD0299,C805,P0257,20181026,10/26/2018,2,Standard,1,654,50.00%,327
OD0300,C560,P0257,20181027,10/27/2018,8,Standard,1,654,50.00%,327
OD0301,C989,P0257,20181028,10/28/2018,4,Standard,1,654,50.00%,327
OD0302,C530,P0257,20181029,10/29/2018,7,Standard,2,654,50.00%,327
OD0303,C958,P0257,20181030,10/30/2018,0,Same Day,1,356,50.00%,178
OD0304,C112,P0257,20181031,10/31/2018,4,Standard,3,686,30.00%,480
OD0305,C458,P0258,20181101,11/1/2018,2,Standard,2,456,32.00%,310
OD0306,C296,P0259,20181102,11/2/2018,0,Same Day,4,516,25.00%,387
OD0307,C604,P0260,20181103,11/3/2018,3,Standard,2,355,45.00%,195
OD0308,C904,P0261,20181104,11/4/2018,4,Standard,1,465,15.00%,395
OD0309,C184,P0262,20181105,11/5/2018,6,Standard,3,965,33.00%,646
OD0310,C694,P0263,20181106,11/6/2018,0,Same Day,3,1158,42.00%,671
OD0311,C911,P0264,20181107,11/7/2018,2,Standard,1,264,42.00%,153
OD0312,C127,P0265,20181108,11/8/2018,1,Prime,3,433,39.00%,264
OD0313,C591,P0266,20181109,11/9/2018,8,Standard,2,562,39.00%,342
OD0314,C807,P0267,20181110,11/10/2018,9,Standard,2,423,39.00%,258
OD0315,C93,P0268,20181111,11/11/2018,5,Standard,1,621,39.00%,378
OD0316,C892,P0269,20181112,11/12/2018,9,Standard,3,333,30.00%,233
OD0317,C963,P0270,20181113,11/13/2018,2,Standard,4,236,30.00%,165
OD0318,C173,P0271,20181114,11/14/2018,7,Standard,2,456,30.00%,319
OD0319,C930,P0272,20181115,11/15/2018,7,Standard,2,963,25.00%,722
OD0320,C684,P0273,20181116,11/16/2018,1,Prime,2,234,25.00%,175
OD0321,C596,P0274,20181117,11/17/2018,5,Standard,2,456,30.00%,319
OD0322,C830,P0274,20181118,11/18/2018,6,Standard,4,564,30.00%,394
OD0323,C931,P0274,20181119,11/19/2018,1,Prime,1,634,30.00%,443
OD0324,C185,P0274,20181120,11/20/2018,9,Standard,2,236,40.00%,141
OD0325,C576,P0274,20181121,11/21/2018,1,Prime,3,444,40.00%,266
OD0326,C983,P0275,20181122,11/22/2018,9,Standard,4,456,40.00%,273
OD0327,C524,P0276,20181123,11/23/2018,0,Same Day,2,963,40.00%,577
OD0328,C447,P0277,20181124,11/24/2018,7,Standard,3,456,40.00%,273
OD0329,C475,P0278,20181125,11/25/2018,0,Same Day,2,1189,40.00%,713
OD0330,C791,P0279,20181126,11/26/2018,8,Standard,1,1298,45.00%,713
OD0331,C895,P0280,20181127,11/27/2018,5,Standard,4,1456,45.00%,800
OD0332,C205,P0281,20181128,11/28/2018,6,Standard,1,1478,45.00%,812
OD0333,C783,P0282,20181129,11/29/2018,9,Standard,4,256,47.00%,135
OD0334,C906,P0283,20181130,11/30/2018,6,Standard,2,2698,47.00%,1429
OD0335,C56,P0284,20181201,12/1/2018,9,Standard,2,2364,46.00%,1276
OD0336,C833,P0285,20181202,12/2/2018,2,Standard,4,1236,46.00%,667
OD0337,C483,P0286,20181203,12/3/2018,1,Prime,3,756,46.00%,408
OD0338,C384,P0287,20181204,12/4/2018,8,Standard,3,326,30.00%,228
OD0339,C651,P0288,20181205,12/5/2018,7,Standard,2,453,30.00%,317
OD0340,C57,P0289,20181206,12/6/2018,9,Standard,2,326,30.00%,228
OD0341,C786,P0290,20181207,12/7/2018,6,Standard,1,456,30.00%,319
OD0342,C995,P0291,20181208,12/8/2018,8,Standard,2,675,30.00%,472
OD0343,C905,P0292,20181209,12/9/2018,3,Standard,4,654,35.00%,425
OD0344,C49,P0292,20181210,12/10/2018,3,Standard,3,654,35.00%,425
OD0345,C191,P0292,20181211,12/11/2018,0,Same Day,3,654,35.00%,425
OD0346,C632,P0292,20181212,12/12/2018,7,Standard,1,654,35.00%,425
OD0347,C297,P0293,20181213,12/13/2018,2,Standard,3,356,35.00%,231
OD0348,C468,P0294,20181214,12/14/2018,6,Standard,3,686,35.00%,445
OD0349,C50,P0295,20181215,12/15/2018,1,Prime,4,456,40.00%,273
OD0350,C904,P0296,20181216,12/16/2018,1,Prime,3,516,40.00%,309
OD0351,C212,P0297,20181217,12/17/2018,6,Standard,1,355,15.00%,301
OD0352,C283,P0298,20181218,12/18/2018,5,Standard,1,465,15.00%,395
OD0353,C232,P0299,20181219,12/19/2018,2,Standard,3,965,15.00%,820
OD0354,C712,P0300,20181220,12/20/2018,8,Standard,2,1158,35.00%,752
OD0355,C771,P0301,20181221,12/21/2018,9,Standard,3,264,35.00%,171
OD0356,C212,P0302,20181222,12/22/2018,5,Standard,1,433,35.00%,281
OD0357,C842,P0303,20181223,12/23/2018,9,Standard,1,562,35.00%,365
OD0358,C437,P0304,20181224,12/24/2018,9,Standard,4,423,55.00%,190
OD0359,C591,P0305,20181225,12/25/2018,5,Standard,3,621,55.00%,279
OD0360,C168,P0306,20181226,12/26/2018,0,Same Day,3,333,55.00%,149
OD0361,C794,P0307,20181227,12/27/2018,3,Standard,4,327,55.00%,106
OD0362,C669,P0308,20181228,12/28/2018,9,Standard,1,327,50.00%,228
OD0363,C629,P0309,20181229,12/29/2018,5,Standard,4,327,50.00%,481
OD0364,C467,P0310,20181230,12/30/2018,5,Standard,2,327,50.00%,117
OD0365,C496,P0311,20181231,12/31/2018,4,Standard,3,249,50.00%,228
OD0366,C88,P0312,20190101,1/1/2019,0,Same Day,1,1519,50.00%,282
OD0367,C803,P0313,20190102,1/2/2019,7,Standard,4,843,30.00%,443
OD0368,C264,P0314,20190103,1/3/2019,4,Standard,1,1348,32.00%,160
OD0369,C123,P0315,20190104,1/4/2019,4,Standard,2,1923,25.00%,333
OD0370,C208,P0316,20190105,1/5/2019,6,Standard,3,914,45.00%,250
OD0371,C138,P0317,20190106,1/6/2019,3,Standard,4,1422,15.00%,818
OD0372,C364,P0318,20190107,1/7/2019,5,Standard,1,901,33.00%,305
OD0373,C169,P0319,20190108,1/8/2019,3,Standard,3,752,42.00%,689
OD0374,C533,P0319,20190109,1/9/2019,2,Standard,3,1429,42.00%,752
OD0375,C822,P0319,20190110,1/10/2019,6,Standard,1,1306,39.00%,888
OD0376,C923,P0319,20190111,1/11/2019,7,Standard,3,1593,39.00%,901
OD0377,C41,P0319,20190112,1/12/2019,3,Standard,3,1570,39.00%,156
OD0378,C697,P0319,20190113,1/13/2019,1,Prime,4,233,39.00%,1645
OD0379,C684,P0319,20190114,1/14/2019,9,Standard,3,165,30.00%,1654
OD0380,C625,P0320,20190115,1/15/2019,2,Standard,4,342,30.00%,865
OD0381,C281,P0321,20190116,1/16/2019,0,Same Day,3,722,30.00%,529
OD0382,C705,P0322,20190117,1/17/2019,7,Standard,2,163,25.00%,244
OD0383,C370,P0323,20190118,1/18/2019,2,Standard,2,319,25.00%,339
OD0384,C458,P0324,20190119,1/19/2019,9,Standard,4,394,30.00%,228
OD0385,C83,P0325,20190120,1/20/2019,6,Standard,4,380,30.00%,319
OD0386,C917,P0326,20190121,1/21/2019,9,Standard,2,141,30.00%,319
OD0387,C243,P0327,20190122,1/22/2019,4,Standard,3,266,40.00%,273
OD0388,C810,P0328,20190123,1/23/2019,9,Standard,4,273,40.00%,273
OD0389,C872,P0329,20190124,1/24/2019,4,Standard,1,577,40.00%,141
OD0390,C243,P0330,20190125,1/25/2019,6,Standard,3,273,40.00%,597
OD0391,C909,P0331,20190126,1/26/2019,8,Standard,3,653,40.00%,392
OD0392,C794,P0332,20190127,1/27/2019,4,Standard,2,713,40.00%,273
OD0393,C717,P0333,20190128,1/28/2019,0,Same Day,4,800,45.00%,431
OD0394,C869,P0334,20190129,1/29/2019,9,Standard,3,783,45.00%,200
OD0395,C328,P0334,20190130,1/30/2019,9,Standard,4,135,45.00%,530
OD0396,C866,P0334,20190131,1/31/2019,0,Same Day,4,1456,47.00%,235
OD0397,C604,P0335,20190201,2/1/2019,1,Prime,4,1276,47.00%,301
OD0398,C819,P0336,20190202,2/2/2019,5,Standard,2,667,46.00%,256
OD0399,C423,P0337,20190203,2/3/2019,8,Standard,4,529,46.00%,322
OD0400,C705,P0338,20190204,2/4/2019,7,Standard,2,228,46.00%,289
OD0401,C672,P0339,20190205,2/5/2019,4,Standard,1,317,30.00%,179
OD0402,C285,P0340,20190206,2/6/2019,0,Same Day,3,228,30.00%,319
OD0403,C356,P0341,20190207,2/7/2019,6,Standard,3,319,30.00%,319
OD0404,C25,P0342,20190208,2/8/2019,4,Standard,1,438,30.00%,521
OD0405,C454,P0343,20190209,2/9/2019,5,Standard,2,425,30.00%,249
OD0406,C559,P0344,20190210,2/10/2019,6,Standard,3,425,35.00%,772
OD0407,C643,P0345,20190211,2/11/2019,2,Standard,2,425,35.00%,276
OD0408,C528,P0346,20190212,2/12/2019,9,Standard,2,425,35.00%,731
OD0409,C462,P0347,20190213,2/13/2019,2,Standard,2,231,35.00%,744
OD0410,C881,P0348,20190214,2/14/2019,4,Standard,1,411,35.00%,802
OD0411,C252,P0349,20190215,2/15/2019,5,Standard,1,273,35.00%,1016
OD0412,C835,P0350,20190216,2/16/2019,8,Standard,2,438,40.00%,392
OD0413,C103,P0351,20190217,2/17/2019,4,Standard,4,301,40.00%,512
OD0414,C540,P0352,20190218,2/18/2019,0,Same Day,1,395,15.00%,403
OD0415,C06,P0353,20190219,2/19/2019,3,Standard,4,627,15.00%,296
OD0416,C659,P0354,20190220,2/20/2019,4,Standard,4,752,15.00%,297
OD0417,C635,P0355,20190221,2/21/2019,9,Standard,2,171,35.00%,228
OD0418,C227,P0356,20190222,2/22/2019,9,Standard,4,281,35.00%,228
OD0419,C305,P0357,20190223,2/23/2019,4,Standard,4,252,35.00%,1459
OD0420,C457,P0358,20190224,2/24/2019,6,Standard,4,190,35.00%,1387
OD0421,C723,P0359,20190225,2/25/2019,3,Standard,2,279,55.00%,560
OD0422,C229,P0360,20190226,2/26/2019,0,Same Day,2,149,55.00%,965
OD0423,C396,P0361,20190227,2/27/2019,4,Standard,1,118,55.00%,1060
OD0424,C431,P0362,20190228,2/28/2019,6,Standard,1,228,55.00%,1005
OD0425,C154,P0363,20190301,3/1/2019,9,Standard,4,481,50.00%,1126
OD0426,C459,P0364,20190302,3/2/2019,9,Standard,2,117,50.00%,1226
OD0427,C139,P0365,20190303,3/3/2019,5,Standard,2,228,50.00%,1131
OD0428,C838,P0366,20190304,3/4/2019,4,Standard,4,394,50.00%,1126
OD0429,C414,P0367,20190305,3/5/2019,3,Standard,1,431,50.00%,512
OD0430,C519,P0368,20190306,3/6/2019,1,Prime,2,177,30.00%,717
OD0431,C362,P0369,20190307,3/7/2019,3,Standard,1,244,32.00%,377
OD0432,C56,P0370,20190308,3/8/2019,9,Standard,4,387,25.00%,449
OD0433,C546,P0371,20190309,3/9/2019,9,Standard,2,645,45.00%,305
OD0434,C905,P0372,20190310,3/10/2019,2,Standard,4,264,15.00%,471
OD0435,C21,P0373,20190311,3/11/2019,9,Standard,3,689,33.00%,378
OD0436,C282,P0374,20190312,3/12/2019,0,Same Day,4,791,42.00%,321
OD0437,C365,P0375,20190313,3/13/2019,7,Standard,4,888,42.00%,579
OD0438,C808,P0376,20190314,3/14/2019,4,Standard,4,901,39.00%,609
OD0439,C251,P0377,20190315,3/15/2019,3,Standard,2,156,39.00%,609
OD0440,C255,P0378,20190316,3/16/2019,7,Standard,4,1888,39.00%,609
OD0441,C209,P0379,20190317,3/17/2019,6,Standard,4,1654,39.00%,682
OD0442,C668,P0380,20190318,3/18/2019,1,Prime,3,865,30.00%,783
OD0443,C834,P0381,20190319,3/19/2019,0,Same Day,2,567,30.00%,783
OD0444,C170,P0382,20190320,3/20/2019,3,Standard,3,244,30.00%,783
OD0445,C563,P0383,20190321,3/21/2019,7,Standard,4,317,25.00%,738
OD0446,C87,P0384,20190322,3/22/2019,1,Prime,2,228,25.00%,738
OD0447,C865,P0385,20190323,3/23/2019,2,Standard,3,319,30.00%,689
OD0448,C138,P0386,20190324,3/24/2019,0,Same Day,4,405,30.00%,689
OD0449,C354,P0387,20190325,3/25/2019,0,Same Day,1,392,30.00%,689
OD0450,C961,P0388,20190326,3/26/2019,2,Standard,3,392,40.00%,221
OD0451,C711,P0388,20190327,3/27/2019,4,Standard,2,392,40.00%,239
OD0452,C439,P0388,20190328,3/28/2019,2,Standard,3,392,40.00%,239
OD0453,C257,P0388,20190329,3/29/2019,0,Same Day,3,213,40.00%,239
OD0454,C614,P0388,20190330,3/30/2019,0,Same Day,3,377,40.00%,239
OD0455,C47,P0388,20190331,3/31/2019,7,Standard,1,250,40.00%,333
OD0456,C609,P0388,20190401,4/1/2019,9,Standard,2,283,45.00%,305
OD0457,C435,P0388,20190402,4/2/2019,1,Prime,2,188,45.00%,305
OD0458,C225,P0389,20190403,4/3/2019,2,Standard,2,246,45.00%,305
OD0459,C328,P0390,20190404,4/4/2019,1,Prime,4,521,47.00%,357
OD0460,C483,P0391,20190405,4/5/2019,2,Standard,2,625,47.00%,357
OD0461,C861,P0392,20190406,4/6/2019,6,Standard,2,142,46.00%,364
OD0462,C782,P0393,20190407,4/7/2019,0,Same Day,1,303,46.00%,353
OD0463,C575,P0394,20190408,4/8/2019,9,Standard,4,393,46.00%,353
OD0464,C863,P0395,20190409,4/9/2019,7,Standard,4,296,30.00%,457
OD0465,C958,P0396,20190410,4/10/2019,9,Standard,3,434,30.00%,457
OD0466,C370,P0397,20190411,4/11/2019,9,Standard,4,233,30.00%,249
OD0467,C672,P0398,20190412,4/12/2019,9,Standard,4,153,30.00%,480
OD0468,C697,P0399,20190413,4/13/2019,1,Prime,1,296,30.00%,319
OD0469,C794,P0400,20190414,4/14/2019,2,Standard,2,625,35.00%,335
OD0470,C228,P0401,20190415,4/15/2019,8,Standard,4,152,35.00%,230
OD0471,C903,P0402,20190416,4/16/2019,6,Standard,4,296,35.00%,302
OD0472,C758,P0403,20190417,4/17/2019,3,Standard,1,366,35.00%,627
OD0473,C940,P0404,20190418,4/18/2019,9,Standard,4,380,35.00%,752
OD0474,C129,P0404,20190419,4/19/2019,4,Standard,4,141,35.00%,171
OD0475,C140,P0404,20190420,4/20/2019,1,Prime,1,377,40.00%,259
OD0476,C971,P0404,20190421,4/21/2019,7,Standard,3,387,40.00%,337
OD0477,C760,P0404,20190422,4/22/2019,3,Standard,3,818,15.00%,359
OD0478,C810,P0404,20190423,4/23/2019,8,Standard,4,296,15.00%,527
OD0479,C642,P0405,20190424,4/24/2019,4,Standard,4,772,15.00%,283
OD0480,C699,P0406,20190425,4/25/2019,8,Standard,2,843,35.00%,153
OD0481,C375,P0407,20190426,4/26/2019,3,Standard,4,946,35.00%,296
OD0482,C935,P0408,20190427,4/27/2019,9,Standard,2,665,35.00%,625
OD0483,C727,P0409,20190428,4/28/2019,4,Standard,3,115,35.00%,152
OD0484,C497,P0410,20190429,4/29/2019,8,Standard,4,1214,55.00%,205
OD0485,C93,P0411,20190430,4/30/2019,7,Standard,4,1063,55.00%,253
OD0486,C409,P0412,20190501,5/1/2019,2,Standard,1,618,55.00%,285
OD0487,C948,P0413,20190502,5/2/2019,0,Same Day,4,378,55.00%,106
OD0488,C823,P0414,20190503,5/3/2019,2,Standard,3,163,50.00%,222
OD0489,C519,P0415,20190504,5/4/2019,3,Standard,4,226,50.00%,228
OD0490,C341,P0416,20190505,5/5/2019,1,Prime,2,163,50.00%,481
OD0491,C318,P0417,20190506,5/6/2019,0,Same Day,4,319,50.00%,228
OD0492,C235,P0417,20190507,5/7/2019,6,Standard,2,310,50.00%,594
OD0493,C784,P0417,20190508,5/8/2019,7,Standard,1,342,30.00%,908
OD0494,C324,P0417,20190509,5/9/2019,6,Standard,4,250,32.00%,990
OD0495,C353,P0417,20190510,5/10/2019,4,Standard,1,200,25.00%,1108
OD0496,C123,P0417,20190511,5/11/2019,0,Same Day,1,667,45.00%,140
OD0497,C879,P0418,20190512,5/12/2019,6,Standard,4,379,15.00%,2293
OD0498,C756,P0419,20190513,5/13/2019,6,Standard,2,264,33.00%,1583
OD0499,C717,P0420,20190514,5/14/2019,8,Standard,4,478,42.00%,716
OD0500,C290,P0421,20190515,5/15/2019,2,Standard,2,222,42.00%,438
OD0501,C417,P0422,20190516,5/16/2019,8,Standard,1,588,39.00%,198
OD0502,C517,P0423,20190517,5/17/2019,0,Same Day,3,270,39.00%,276
OD0503,C581,P0424,20190518,5/18/2019,0,Same Day,4,398,39.00%,198
OD0504,C747,P0425,20190519,5/19/2019,3,Standard,3,332,39.00%,278
OD0505,C419,P0426,20190520,5/20/2019,8,Standard,2,418,30.00%,472
OD0506,C397,P0427,20190521,5/21/2019,5,Standard,4,402,30.00%,457
OD0507,C979,P0428,20190522,5/22/2019,2,Standard,3,192,30.00%,457
OD0508,C641,P0429,20190523,5/23/2019,0,Same Day,3,319,25.00%,490
OD0509,C189,P0430,20190524,5/24/2019,3,Standard,4,319,25.00%,490
OD0510,C308,P0431,20190525,5/25/2019,8,Standard,3,521,30.00%,249
OD0511,C761,P0432,20190526,5/26/2019,2,Standard,4,213,30.00%,480
OD0512,C551,P0433,20190527,5/27/2019,8,Standard,3,713,30.00%,319
OD0513,C110,P0434,20190528,5/28/2019,6,Standard,1,255,40.00%,309
OD0514,C206,P0434,20190529,5/29/2019,3,Standard,4,675,40.00%,213
OD0515,C1000,P0434,20190530,5/30/2019,2,Standard,1,687,40.00%,279
OD0516,C886,P0434,20190531,5/31/2019,9,Standard,1,741,40.00%,579
OD0517,C581,P0434,20190601,6/1/2019,4,Standard,3,860,40.00%,694
OD0518,C147,P0434,20190602,6/2/2019,4,Standard,2,359,40.00%,158
OD0519,C649,P0434,20190603,6/3/2019,2,Standard,1,469,45.00%,238
OD0520,C946,P0434,20190604,6/4/2019,8,Standard,1,251,45.00%,309
OD0521,C830,P0434,20190605,6/5/2019,3,Standard,1,184,45.00%,232
OD0522,C27,P0434,20190606,6/6/2019,4,Standard,2,189,47.00%,329
OD0523,C549,P0435,20190607,6/7/2019,3,Standard,2,189,47.00%,176
OD0524,C883,P0436,20190608,6/8/2019,4,Standard,1,190,46.00%,127
OD0525,C54,P0437,20190609,6/9/2019,6,Standard,2,247,46.00%,246
OD0526,C971,P0438,20190610,6/10/2019,8,Standard,2,247,46.00%,520
OD0527,C154,P0439,20190611,6/11/2019,6,Standard,2,248,30.00%,163
OD0528,C118,P0440,20190612,6/12/2019,4,Standard,4,249,30.00%,319
OD0529,C803,P0441,20190613,6/13/2019,9,Standard,1,699,30.00%,394
OD0530,C351,P0442,20190614,6/14/2019,9,Standard,2,360,30.00%,443
OD0531,C109,P0443,20190615,6/15/2019,6,Standard,4,360,30.00%,165
OD0532,C06,P0444,20190616,6/16/2019,9,Standard,3,360,35.00%,1459
OD0533,C334,P0445,20190617,6/17/2019,4,Standard,3,360,35.00%,1452
OD0534,C181,P0446,20190618,6/18/2019,2,Standard,2,666,35.00%,1394
OD0535,C457,P0447,20190619,6/19/2019,6,Standard,1,666,35.00%,1394
OD0536,C228,P0448,20190620,6/20/2019,1,Prime,2,615,35.00%,1531
OD0537,C680,P0449,20190621,6/21/2019,8,Standard,3,333,35.00%,1459
OD0538,C619,P0450,20190622,6/22/2019,9,Standard,1,509,40.00%,1470
OD0539,C897,P0451,20190623,6/23/2019,9,Standard,1,471,40.00%,1287
OD0540,C675,P0452,20190624,6/24/2019,0,Same Day,3,471,15.00%,1908
OD0541,C672,P0453,20190625,6/25/2019,5,Standard,4,1459,15.00%,2293
OD0542,C685,P0454,20190626,6/26/2019,6,Standard,4,1466,15.00%,1032
OD0543,C651,P0455,20190627,6/27/2019,7,Standard,2,1439,35.00%,1459
OD0544,C824,P0456,20190628,6/28/2019,9,Standard,1,1394,35.00%,809
OD0545,C464,P0457,20190629,6/29/2019,8,Standard,2,1046,35.00%,2246
OD0546,C82,P0458,20190630,6/30/2019,1,Prime,1,1015,35.00%,2375
OD0547,C80,P0459,20190701,7/1/2019,9,Standard,3,641,55.00%,2053
OD0548,C397,P0460,20190702,7/2/2019,1,Prime,1,1006,55.00%,1446
OD0549,C467,P0461,20190703,7/3/2019,4,Standard,1,1262,55.00%,1855
OD0550,C673,P0462,20190704,7/4/2019,4,Standard,3,1072,55.00%,1446
OD0551,C900,P0462,20190705,7/5/2019,5,Standard,4,1182,50.00%,327
OD0552,C981,P0462,20190706,7/6/2019,2,Standard,3,622,50.00%,327
OD0553,C344,P0462,20190707,7/7/2019,7,Standard,1,1622,50.00%,327
OD0554,C351,P0462,20190708,7/8/2019,0,Same Day,3,855,50.00%,178
OD0555,C976,P0463,20190709,7/9/2019,5,Standard,1,1666,50.00%,343
OD0556,C853,P0464,20190710,7/10/2019,3,Standard,4,1692,30.00%,319
OD0557,C216,P0465,20190711,7/11/2019,0,Same Day,4,219,32.00%,350
OD0558,C915,P0466,20190712,7/12/2019,6,Standard,1,339,25.00%,266
OD0559,C231,P0467,20190713,7/13/2019,8,Standard,4,267,45.00%,255
OD0560,C882,P0468,20190714,7/14/2019,3,Standard,3,231,15.00%,820
OD0561,C318,P0469,20190715,7/15/2019,3,Standard,4,321,33.00%,775
OD0562,C443,P0470,20190716,7/16/2019,5,Standard,2,338,42.00%,153
OD0563,C49,P0471,20190717,7/17/2019,2,Standard,4,338,42.00%,251
OD0564,C377,P0472,20190718,7/18/2019,5,Standard,2,338,39.00%,342
OD0565,C733,P0473,20190719,7/19/2019,6,Standard,3,411,39.00%,258
OD0566,C841,P0474,20190720,7/20/2019,9,Standard,4,472,39.00%,378
OD0567,C895,P0475,20190721,7/21/2019,9,Standard,4,472,39.00%,203
OD0568,C191,P0476,20190722,7/22/2019,2,Standard,4,457,30.00%,165
OD0569,C49,P0477,20190723,7/23/2019,6,Standard,3,490,30.00%,319
OD0570,C786,P0478,20190724,7/24/2019,2,Standard,3,490,30.00%,674
OD0571,C334,P0479,20190725,7/25/2019,1,Prime,2,457,25.00%,175
OD0572,C179,P0480,20190726,7/26/2019,9,Standard,1,249,25.00%,342
OD0573,C133,P0480,20190727,7/27/2019,3,Standard,3,480,30.00%,394
OD0574,C455,P0480,20190728,7/28/2019,7,Standard,4,273,30.00%,443
OD0575,C241,P0480,20190729,7/29/2019,8,Standard,2,309,30.00%,165
OD0576,C161,P0480,20190730,7/30/2019,6,Standard,4,213,40.00%,266
OD0577,C543,P0481,20190731,7/31/2019,0,Same Day,4,279,40.00%,273
OD0578,C504,P0482,20190801,8/1/2019,2,Standard,3,579,40.00%,577
OD0579,C507,P0483,20190802,8/2/2019,8,Standard,1,694,40.00%,273
OD0580,C297,P0484,20190803,8/3/2019,0,Same Day,4,145,40.00%,713
OD0581,C634,P0485,20190804,8/4/2019,8,Standard,3,238,40.00%,778
OD0582,C732,P0486,20190805,8/5/2019,7,Standard,2,309,45.00%,800
OD0583,C804,P0487,20190806,8/6/2019,0,Same Day,4,224,45.00%,812
OD0584,C54,P0488,20190807,8/7/2019,5,Standard,2,329,45.00%,140
OD0585,C179,P0489,20190808,8/8/2019,4,Standard,3,179,47.00%,1429
OD0586,C911,P0490,20190809,8/9/2019,5,Standard,3,127,47.00%,1252
OD0587,C850,P0491,20190810,8/10/2019,9,Standard,3,246,46.00%,667
OD0588,C656,P0492,20190811,8/11/2019,4,Standard,3,674,46.00%,408
OD0589,C145,P0493,20190812,8/12/2019,5,Standard,3,163,46.00%,176
OD0590,C769,P0494,20190813,8/13/2019,4,Standard,1,319,30.00%,317
OD0591,C813,P0495,20190814,8/14/2019,4,Standard,2,394,30.00%,228
OD0592,C221,P0496,20190815,8/15/2019,3,Standard,1,443,30.00%,319
OD0593,C477,P0497,20190816,8/16/2019,2,Standard,2,153,30.00%,319
OD0594,C971,P0497,20190817,8/17/2019,2,Standard,4,288,30.00%,319
OD0595,C27,P0497,20190818,8/18/2019,3,Standard,4,296,35.00%,296
OD0596,C731,P0497,20190819,8/19/2019,8,Standard,2,625,35.00%,153
OD0597,C572,P0497,20190820,8/20/2019,1,Prime,4,296,35.00%,647
OD0598,C769,P0497,20190821,8/21/2019,8,Standard,4,772,35.00%,425
OD0599,C447,P0497,20190822,8/22/2019,0,Same Day,4,778,35.00%,296
OD0600,C422,P0498,20190823,8/23/2019,0,Same Day,1,873,35.00%,510
OD0601,C207,P0499,20190824,8/24/2019,4,Standard,1,1256,40.00%,219
OD0602,C625,P0500,20190825,8/25/2019,5,Standard,3,217,40.00%,579
OD0603,C647,P0501,20190826,8/26/2019,5,Standard,2,2293,15.00%,377
OD0604,C585,P0502,20190827,8/27/2019,2,Standard,4,1536,15.00%,483
OD0605,C491,P0503,20190828,8/28/2019,6,Standard,2,803,15.00%,403
OD0606,C752,P0504,20190829,8/29/2019,8,Standard,3,598,35.00%,388
OD0607,C201,P0505,20190830,8/30/2019,9,Standard,3,536,35.00%,348
OD0608,C947,P0506,20190831,8/31/2019,7,Standard,4,256,35.00%,166
OD0609,C228,P0507,20190901,9/1/2019,5,Standard,3,456,35.00%,296
OD0610,C342,P0508,20190902,9/2/2019,7,Standard,4,456,55.00%,205
OD0611,C261,P0509,20190903,9/3/2019,4,Standard,3,745,55.00%,335
OD0612,C54,P0510,20190904,9/4/2019,7,Standard,3,356,55.00%,160
OD0613,C658,P0511,20190905,9/5/2019,9,Standard,4,1189,55.00%,535
OD0614,C191,P0512,20190906,9/6/2019,3,Standard,3,426,50.00%,213
OD0615,C161,P0513,20190907,9/7/2019,9,Standard,3,1126,50.00%,563
OD0616,C270,P0514,20190908,9/8/2019,7,Standard,3,1145,50.00%,572
OD0617,C792,P0515,20190909,9/9/2019,9,Standard,2,1235,50.00%,617
OD0618,C854,P0516,20190910,9/10/2019,1,Prime,1,1564,50.00%,782
OD0619,C06,P0517,20190911,9/11/2019,4,Standard,2,654,30.00%,457
OD0620,C271,P0518,20190912,9/12/2019,8,Standard,3,854,32.00%,580
OD0621,C633,P0519,20190913,9/13/2019,3,Standard,1,475,25.00%,356
OD0622,C955,P0520,20190914,9/14/2019,5,Standard,2,475,45.00%,261
OD0623,C939,P0521,20190915,9/15/2019,0,Same Day,2,475,15.00%,403
OD0624,C182,P0522,20190916,9/16/2019,8,Standard,2,475,33.00%,318
OD0625,C03,P0523,20190917,9/17/2019,0,Same Day,4,475,42.00%,275
OD0626,C829,P0523,20190918,9/18/2019,4,Standard,3,475,42.00%,275
OD0627,C79,P0523,20190919,9/19/2019,3,Standard,3,475,39.00%,289
OD0628,C491,P0523,20190920,9/20/2019,2,Standard,1,475,39.00%,289
OD0629,C409,P0523,20190921,9/21/2019,5,Standard,2,564,39.00%,344
OD0630,C157,P0524,20190922,9/22/2019,1,Prime,3,478,39.00%,291
OD0631,C483,P0525,20190923,9/23/2019,2,Standard,2,1264,30.00%,884
OD0632,C723,P0526,20190924,9/24/2019,4,Standard,3,458,30.00%,320
OD0633,C743,P0527,20190925,9/25/2019,8,Standard,2,899,30.00%,629
OD0634,C167,P0528,20190926,9/26/2019,1,Prime,3,859,30.00%,601
OD0635,C804,P0529,20190927,9/27/2019,9,Standard,1,758,30.00%,530
OD0636,C676,P0530,20190928,9/28/2019,7,Standard,2,2354,30.00%,1647
OD0637,C124,P0531,20190929,9/29/2019,1,Prime,3,2344,30.00%,1640
OD0638,C196,P0532,20190930,9/30/2019,4,Standard,1,2453,30.00%,1717
OD0639,C285,P0533,20191001,10/1/2019,6,Standard,1,2154,30.00%,1507
OD0640,C990,P0534,20191002,10/2/2019,7,Standard,3,896,30.00%,627
OD0641,C248,P0535,20191003,10/3/2019,0,Same Day,2,756,30.00%,529
OD0642,C190,P0536,20191004,10/4/2019,5,Standard,4,236,30.00%,165
OD0643,C107,P0537,20191005,10/5/2019,0,Same Day,1,475,30.00%,332
OD0644,C578,P0538,20191006,10/6/2019,1,Prime,1,589,30.00%,412
OD0645,C689,P0539,20191007,10/7/2019,0,Same Day,3,365,30.00%,255
OD0646,C156,P0540,20191008,10/8/2019,4,Standard,4,1233,30.00%,863
OD0647,C503,P0541,20191009,10/9/2019,9,Standard,4,1233,30.00%,863
OD0648,C555,P0542,20191010,10/10/2019,8,Standard,4,1233,30.00%,863
OD0649,C352,P0543,20191011,10/11/2019,5,Standard,3,1233,30.00%,863
OD0650,C289,P0544,20191012,10/12/2019,0,Same Day,2,1233,30.00%,863
OD0651,C291,P0545,20191013,10/13/2019,0,Same Day,1,1233,30.00%,863
OD0652,C574,P0546,20191014,10/14/2019,1,Prime,3,456,30.00%,319
OD0653,C893,P0547,20191015,10/15/2019,8,Standard,4,456,30.00%,319
OD0654,C95,P0548,20191016,10/16/2019,2,Standard,1,456,30.00%,319
OD0655,C240,P0549,20191017,10/17/2019,0,Same Day,1,456,30.00%,319
OD0656,C698,P0550,20191018,10/18/2019,4,Standard,4,786,30.00%,550
OD0657,C646,P0551,20191019,10/19/2019,6,Standard,4,786,30.00%,550
OD0658,C996,P0552,20191020,10/20/2019,5,Standard,1,786,30.00%,550
OD0659,C273,P0553,20191021,10/21/2019,0,Same Day,1,786,30.00%,550
OD0660,C495,P0554,20191022,10/22/2019,4,Standard,2,786,30.00%,550
OD0661,C259,P0555,20191023,10/23/2019,4,Standard,2,786,30.00%,550
OD0662,C803,P0556,20191024,10/24/2019,5,Standard,3,569,30.00%,398
OD0663,C360,P0557,20191025,10/25/2019,2,Standard,1,569,30.00%,398
OD0664,C785,P0557,20191026,10/26/2019,4,Standard,2,569,30.00%,398
OD0665,C646,P0557,20191027,10/27/2019,6,Standard,1,569,30.00%,398
OD0666,C702,P0557,20191028,10/28/2019,4,Standard,4,569,30.00%,398
OD0667,C482,P0557,20191029,10/29/2019,4,Standard,2,569,30.00%,398
OD0668,C15,P0557,20191030,10/30/2019,4,Standard,4,569,30.00%,398
OD0669,C389,P0557,20191031,10/31/2019,9,Standard,4,569,30.00%,398
OD0670,C219,P0558,20191101,11/1/2019,9,Standard,4,349,30.00%,244
OD0671,C215,P0559,20191102,11/2/2019,2,Standard,3,350,30.00%,245
OD0672,C863,P0560,20191103,11/3/2019,0,Same Day,4,351,30.00%,245
OD0673,C799,P0561,20191104,11/4/2019,4,Standard,3,352,30.00%,246
OD0674,C898,P0562,20191105,11/5/2019,8,Standard,1,353,30.00%,247
OD0675,C877,P0563,20191106,11/6/2019,0,Same Day,1,354,30.00%,247
OD0676,C63,P0564,20191107,11/7/2019,2,Standard,2,355,30.00%,248
OD0677,C146,P0565,20191108,11/8/2019,3,Standard,2,356,30.00%,249
OD0678,C417,P0566,20191109,11/9/2019,0,Same Day,3,999,30.00%,699
OD0679,C569,P0567,20191110,11/10/2019,0,Same Day,1,555,30.00%,388
OD0680,C744,P0568,20191111,11/11/2019,7,Standard,2,555,30.00%,388
OD0681,C912,P0569,20191112,11/12/2019,1,Prime,2,555,30.00%,388
OD0682,C863,P0570,20191113,11/13/2019,7,Standard,2,555,30.00%,388
OD0683,C268,P0571,20191114,11/14/2019,6,Standard,1,1025,30.00%,717
OD0684,C981,P0572,20191115,11/15/2019,9,Standard,2,1025,30.00%,717
OD0685,C914,P0573,20191116,11/16/2019,9,Standard,1,1025,30.00%,717
OD0686,C834,P0574,20191117,11/17/2019,1,Prime,4,555,30.00%,388
OD0687,C107,P0575,20191118,11/18/2019,5,Standard,4,599,30.00%,419
OD0688,C316,P0576,20191119,11/19/2019,5,Standard,4,555,30.00%,388
OD0689,C698,P0577,20191120,11/20/2019,2,Standard,3,555,30.00%,388
OD0690,C671,P0578,20191121,11/21/2019,1,Prime,1,565,30.00%,395
OD0691,C154,P0579,20191122,11/22/2019,0,Same Day,2,555,30.00%,388
OD0692,C157,P0580,20191123,11/23/2019,5,Standard,3,999,30.00%,699
OD0693,C225,P0581,20191124,11/24/2019,4,Standard,3,999,30.00%,699
OD0694,C202,P0581,20191125,11/25/2019,8,Standard,4,999,30.00%,699
OD0695,C714,P0581,20191126,11/26/2019,0,Same Day,1,999,30.00%,699
OD0696,C809,P0581,20191127,11/27/2019,6,Standard,2,1119,30.00%,783
OD0697,C672,P0581,20191128,11/28/2019,4,Standard,3,1119,30.00%,783
OD0698,C626,P0582,20191129,11/29/2019,4,Standard,2,1119,30.00%,783
OD0699,C586,P0583,20191130,11/30/2019,1,Prime,4,1119,30.00%,783
OD0700,C676,P0584,20191201,12/1/2019,2,Standard,1,985,30.00%,689
OD0701,C844,P0585,20191202,12/2/2019,6,Standard,2,985,30.00%,689
OD0702,C895,P0586,20191203,12/3/2019,5,Standard,2,985,30.00%,689
OD0703,C252,P0587,20191204,12/4/2019,1,Prime,3,985,30.00%,689
OD0704,C519,P0588,20191205,12/5/2019,5,Standard,2,985,30.00%,689
OD0705,C795,P0589,20191206,12/6/2019,1,Prime,1,369,30.00%,258
OD0706,C598,P0590,20191207,12/7/2019,1,Prime,1,399,30.00%,279
OD0707,C541,P0591,20191208,12/8/2019,1,Prime,2,399,30.00%,279
OD0708,C479,P0592,20191209,12/9/2019,2,Standard,3,399,30.00%,279
OD0709,C509,P0593,20191210,12/10/2019,1,Prime,3,399,30.00%,279
OD0710,C353,P0594,20191211,12/11/2019,3,Standard,4,555,30.00%,388
OD0711,C761,P0595,20191212,12/12/2019,8,Standard,1,555,30.00%,388
OD0712,C12,P0596,20191213,12/13/2019,5,Standard,4,555,30.00%,388
OD0713,C863,P0596,20191214,12/14/2019,0,Same Day,3,555,30.00%,388
OD0714,C166,P0596,20191215,12/15/2019,7,Standard,4,675,30.00%,472
OD0715,C935,P0596,20191216,12/16/2019,6,Standard,3,675,30.00%,472
OD0716,C710,P0596,20191217,12/17/2019,9,Standard,4,675,30.00%,472
OD0717,C259,P0597,20191218,12/18/2019,2,Standard,4,654,30.00%,457
OD0718,C374,P0598,20191219,12/19/2019,0,Same Day,1,654,30.00%,457
OD0719,C662,P0599,20191220,12/20/2019,4,Standard,1,654,30.00%,457
OD0720,C833,P0600,20191221,12/21/2019,3,Standard,4,654,30.00%,457
OD0721,C303,P0601,20191222,12/22/2019,9,Standard,3,356,30.00%,249
OD0722,C841,P0602,20191223,12/23/2019,7,Standard,3,686,30.00%,480
OD0723,C660,P0603,20191224,12/24/2019,0,Same Day,1,456,30.00%,319
OD0724,C714,P0604,20191225,12/25/2019,9,Standard,1,516,30.00%,361
OD0725,C18,P0605,20191226,12/26/2019,0,Same Day,2,355,30.00%,248
OD0726,C379,P0606,20191227,12/27/2019,3,Standard,1,465,30.00%,325
OD0727,C23,P0607,20191228,12/28/2019,7,Standard,3,965,30.00%,675
OD0728,C453,P0608,20191229,12/29/2019,4,Standard,1,1158,30.00%,810
OD0729,C336,P0609,20191230,12/30/2019,1,Prime,2,264,30.00%,184
OD0730,C214,P0610,20191231,12/31/2019,5,Standard,4,433,30.00%,303
OD0731,C414,P0611,20200101,1/1/2020,4,Standard,4,562,30.00%,393
OD0732,C244,P0612,20200102,1/2/2020,1,Prime,3,423,30.00%,296
OD0733,C911,P0613,20200103,1/3/2020,2,Standard,2,621,30.00%,434
OD0734,C916,P0614,20200104,1/4/2020,8,Standard,4,333,30.00%,233
OD0735,C269,P0615,20200105,1/5/2020,6,Standard,4,236,30.00%,165
OD0736,C755,P0616,20200106,1/6/2020,6,Standard,1,456,30.00%,319
OD0737,C446,P0617,20200107,1/7/2020,5,Standard,4,963,30.00%,674
OD0738,C263,P0618,20200108,1/8/2020,7,Standard,3,234,30.00%,163
OD0739,C423,P0619,20200109,1/9/2020,3,Standard,4,456,30.00%,319
OD0740,C524,P0620,20200110,1/10/2020,7,Standard,3,564,30.00%,394
OD0741,C764,P0621,20200111,1/11/2020,3,Standard,3,634,30.00%,443
OD0742,C651,P0622,20200112,1/12/2020,7,Standard,1,236,30.00%,165
OD0743,C311,P0623,20200113,1/13/2020,8,Standard,2,444,30.00%,310
OD0744,C998,P0624,20200114,1/14/2020,2,Standard,3,456,30.00%,319
OD0745,C820,P0625,20200115,1/15/2020,2,Standard,4,963,30.00%,674
OD0746,C701,P0626,20200116,1/16/2020,1,Prime,4,456,30.00%,319
OD0747,C239,P0627,20200117,1/17/2020,9,Standard,3,1189,30.00%,832
OD0748,C362,P0628,20200118,1/18/2020,2,Standard,4,1298,30.00%,908
OD0749,C62,P0628,20200119,1/19/2020,2,Standard,1,1456,30.00%,1019
OD0750,C660,P0628,20200120,1/20/2020,4,Standard,4,1478,30.00%,1034
OD0751,C950,P0628,20200121,1/21/2020,4,Standard,1,256,30.00%,179
OD0752,C247,P0629,20200122,1/22/2020,1,Prime,3,2698,30.00%,1888
OD0753,C433,P0630,20200123,1/23/2020,9,Standard,3,2364,30.00%,1654
OD0754,C81,P0631,20200124,1/24/2020,5,Standard,3,1236,30.00%,865
OD0755,C132,P0632,20200125,1/25/2020,4,Standard,1,756,30.00%,529
OD0756,C494,P0633,20200126,1/26/2020,5,Standard,4,326,30.00%,228
OD0757,C378,P0634,20200127,1/27/2020,0,Same Day,1,453,30.00%,317
OD0758,C197,P0635,20200128,1/28/2020,4,Standard,4,326,30.00%,228
OD0759,C313,P0636,20200129,1/29/2020,8,Standard,4,456,30.00%,319
OD0760,C764,P0637,20200130,1/30/2020,9,Standard,1,675,30.00%,472
OD0761,C17,P0638,20200131,1/31/2020,1,Prime,2,654,30.00%,457
OD0762,C689,P0639,20200201,2/1/2020,0,Same Day,3,654,30.00%,457
OD0763,C644,P0640,20200202,2/2/2020,9,Standard,4,654,30.00%,457
OD0764,C172,P0641,20200203,2/3/2020,8,Standard,4,654,30.00%,457
OD0765,C285,P0642,20200204,2/4/2020,9,Standard,1,356,30.00%,249
OD0766,C553,P0643,20200205,2/5/2020,8,Standard,2,686,30.00%,480
OD0767,C415,P0643,20200206,2/6/2020,8,Standard,3,456,30.00%,319
OD0768,C300,P0643,20200207,2/7/2020,5,Standard,2,516,30.00%,361
OD0769,C368,P0643,20200208,2/8/2020,7,Standard,3,355,30.00%,248
OD0770,C376,P0643,20200209,2/9/2020,0,Same Day,4,465,30.00%,325
OD0771,C629,P0644,20200210,2/10/2020,9,Standard,4,965,30.00%,675
OD0772,C967,P0645,20200211,2/11/2020,3,Standard,1,1158,30.00%,810
OD0773,C476,P0646,20200212,2/12/2020,0,Same Day,1,264,30.00%,184
OD0774,C173,P0647,20200213,2/13/2020,7,Standard,2,433,30.00%,303
OD0775,C85,P0648,20200214,2/14/2020,0,Same Day,2,562,30.00%,393
OD0776,C287,P0649,20200215,2/15/2020,2,Standard,3,423,30.00%,296
OD0777,C788,P0650,20200216,2/16/2020,3,Standard,1,621,30.00%,434
OD0778,C476,P0651,20200217,2/17/2020,7,Standard,4,333,30.00%,233
OD0779,C429,P0652,20200218,2/18/2020,5,Standard,1,236,30.00%,165
OD0780,C204,P0653,20200219,2/19/2020,9,Standard,2,456,30.00%,319
OD0781,C692,P0654,20200220,2/20/2020,6,Standard,1,963,30.00%,674
OD0782,C93,P0655,20200221,2/21/2020,7,Standard,4,234,30.00%,163
OD0783,C979,P0656,20200222,2/22/2020,1,Prime,1,456,30.00%,319
OD0784,C20,P0657,20200223,2/23/2020,9,Standard,2,564,30.00%,394
OD0785,C502,P0658,20200224,2/24/2020,7,Standard,4,634,30.00%,443
OD0786,C331,P0659,20200225,2/25/2020,2,Standard,3,236,30.00%,165
OD0787,C268,P0660,20200226,2/26/2020,6,Standard,3,444,30.00%,310
OD0788,C185,P0661,20200227,2/27/2020,2,Standard,4,456,30.00%,319
OD0789,C335,P0662,20200228,2/28/2020,6,Standard,4,963,30.00%,674
OD0790,C601,P0663,20200229,2/29/2020,1,Prime,4,456,30.00%,319
OD0791,C607,P0664,20200301,3/1/2020,9,Standard,2,1189,30.00%,832
OD0792,C878,P0665,20200302,3/2/2020,5,Standard,4,1298,30.00%,908
OD0793,C760,P0666,20200303,3/3/2020,2,Standard,2,1456,30.00%,1019
OD0794,C536,P0667,20200304,3/4/2020,2,Standard,4,1478,30.00%,1034
OD0795,C945,P0668,20200305,3/5/2020,8,Standard,2,256,30.00%,179
OD0796,C244,P0669,20200306,3/6/2020,6,Standard,2,2698,30.00%,1888
OD0797,C801,P0670,20200307,3/7/2020,4,Standard,1,2364,30.00%,1654
OD0798,C399,P0671,20200308,3/8/2020,9,Standard,3,1236,30.00%,865
OD0799,C971,P0672,20200309,3/9/2020,6,Standard,4,756,30.00%,529
OD0800,C943,P0673,20200310,3/10/2020,8,Standard,3,326,30.00%,228
OD0801,C441,P0674,20200311,3/11/2020,0,Same Day,3,453,30.00%,317
OD0802,C316,P0675,20200312,3/12/2020,6,Standard,1,326,30.00%,228
OD0803,C779,P0676,20200313,3/13/2020,5,Standard,3,456,30.00%,319
OD0804,C313,P0677,20200314,3/14/2020,9,Standard,3,675,30.00%,472
OD0805,C357,P0678,20200315,3/15/2020,8,Standard,4,654,30.00%,457
OD0806,C738,P0679,20200316,3/16/2020,0,Same Day,2,654,30.00%,457
OD0807,C298,P0680,20200317,3/17/2020,3,Standard,4,654,30.00%,457
OD0808,C782,P0681,20200318,3/18/2020,8,Standard,4,654,30.00%,457
OD0809,C910,P0682,20200319,3/19/2020,3,Standard,3,356,30.00%,249
OD0810,C132,P0683,20200320,3/20/2020,9,Standard,3,686,30.00%,480
OD0811,C29,P0684,20200321,3/21/2020,2,Standard,4,456,30.00%,319
OD0812,C417,P0685,20200322,3/22/2020,8,Standard,4,516,30.00%,361
OD0813,C500,P0686,20200323,3/23/2020,1,Prime,3,355,30.00%,248
OD0814,C688,P0686,20200324,3/24/2020,3,Standard,2,465,30.00%,325
OD0815,C735,P0686,20200325,3/25/2020,5,Standard,2,965,30.00%,675
OD0816,C634,P0686,20200326,3/26/2020,1,Prime,4,1158,30.00%,810
OD0817,C724,P0686,20200327,3/27/2020,7,Standard,2,264,30.00%,184
OD0818,C790,P0686,20200328,3/28/2020,7,Standard,4,433,30.00%,303
OD0819,C653,P0687,20200329,3/29/2020,0,Same Day,1,562,30.00%,393
OD0820,C198,P0688,20200330,3/30/2020,2,Standard,3,423,30.00%,296
OD0821,C873,P0689,20200331,3/31/2020,9,Standard,4,621,30.00%,434
OD0822,C236,P0690,20200401,4/1/2020,8,Standard,4,333,30.00%,233
OD0823,C113,P0691,20200402,4/2/2020,4,Standard,4,236,30.00%,165
OD0824,C109,P0692,20200403,4/3/2020,5,Standard,2,456,30.00%,319
OD0825,C392,P0693,20200404,4/4/2020,3,Standard,4,963,30.00%,674
OD0826,C933,P0694,20200405,4/5/2020,9,Standard,1,234,30.00%,163
OD0827,C292,P0695,20200406,4/6/2020,1,Prime,2,456,30.00%,319
OD0828,C479,P0696,20200407,4/7/2020,7,Standard,3,564,30.00%,394
OD0829,C305,P0697,20200408,4/8/2020,5,Standard,1,634,30.00%,443
OD0830,C202,P0698,20200409,4/9/2020,4,Standard,4,236,30.00%,165
OD0831,C343,P0699,20200410,4/10/2020,8,Standard,1,444,30.00%,310
OD0832,C506,P0700,20200411,4/11/2020,0,Same Day,4,456,30.00%,319
OD0833,C989,P0701,20200412,4/12/2020,4,Standard,1,963,30.00%,674
OD0834,C673,P0702,20200413,4/13/2020,5,Standard,2,456,30.00%,319
OD0835,C854,P0703,20200414,4/14/2020,4,Standard,4,1189,30.00%,832
OD0836,C93,P0704,20200415,4/15/2020,5,Standard,2,1298,30.00%,908
OD0837,C782,P0705,20200416,4/16/2020,5,Standard,1,1456,30.00%,1019
OD0838,C586,P0706,20200417,4/17/2020,6,Standard,4,1478,30.00%,1034
OD0839,C817,P0707,20200418,4/18/2020,3,Standard,3,256,30.00%,179
OD0840,C514,P0708,20200419,4/19/2020,7,Standard,3,2698,30.00%,1888
OD0841,C962,P0709,20200420,4/20/2020,6,Standard,4,2364,30.00%,1654
OD0842,C26,P0710,20200421,4/21/2020,8,Standard,1,1236,30.00%,865
OD0843,C455,P0711,20200422,4/22/2020,6,Standard,3,756,30.00%,529
OD0844,C589,P0712,20200423,4/23/2020,2,Standard,4,326,30.00%,228
OD0845,C116,P0713,20200424,4/24/2020,2,Standard,3,453,30.00%,317
OD0846,C615,P0714,20200425,4/25/2020,7,Standard,4,326,30.00%,228
OD0847,C946,P0715,20200426,4/26/2020,4,Standard,1,456,30.00%,319
OD0848,C46,P0716,20200427,4/27/2020,3,Standard,1,456,30.00%,319
OD0849,C183,P0717,20200428,4/28/2020,7,Standard,2,456,30.00%,319
OD0850,C516,P0718,20200429,4/29/2020,5,Standard,3,456,30.00%,319
OD0851,C446,P0719,20200430,4/30/2020,1,Prime,2,236,30.00%,165
OD0852,C165,P0720,20200501,5/1/2020,3,Standard,1,996,30.00%,697
OD0853,C837,P0721,20200502,5/2/2020,3,Standard,4,654,30.00%,457
OD0854,C213,P0722,20200503,5/3/2020,5,Standard,1,456,30.00%,319
OD0855,C721,P0722,20200504,5/4/2020,5,Standard,1,785,30.00%,549
OD0856,C60,P0722,20200505,5/5/2020,0,Same Day,4,365,25.00%,273
OD0857,C198,P0722,20200506,5/6/2020,7,Standard,2,965,25.00%,723
OD0858,C356,P0722,20200507,5/7/2020,5,Standard,3,444,30.00%,310
OD0859,C215,P0723,20200508,5/8/2020,2,Standard,1,569,30.00%,398
OD0860,C364,P0724,20200509,5/9/2020,8,Standard,1,475,30.00%,332
OD0861,C718,P0725,20200510,5/10/2020,1,Prime,3,598,40.00%,358
OD0862,C496,P0726,20200511,5/11/2020,7,Standard,1,536,40.00%,321
OD0863,C212,P0727,20200512,5/12/2020,9,Standard,3,256,40.00%,153
OD0864,C929,P0728,20200513,5/13/2020,2,Standard,3,456,40.00%,273
OD0865,C682,P0729,20200514,5/14/2020,4,Standard,3,456,40.00%,273
OD0866,C763,P0730,20200515,5/15/2020,5,Standard,4,745,40.00%,447
OD0867,C55,P0731,20200516,5/16/2020,9,Standard,2,356,45.00%,195
OD0868,C755,P0732,20200517,5/17/2020,5,Standard,2,1189,45.00%,653
OD0869,C708,P0733,20200518,5/18/2020,3,Standard,4,426,45.00%,234
OD0870,C554,P0734,20200519,5/19/2020,2,Standard,2,1126,47.00%,596
OD0871,C166,P0735,20200520,5/20/2020,3,Standard,2,1145,47.00%,606
OD0872,C291,P0736,20200521,5/21/2020,0,Same Day,2,1235,46.00%,666
OD0873,C670,P0737,20200522,5/22/2020,3,Standard,1,1564,46.00%,844
OD0874,C982,P0738,20200523,5/23/2020,0,Same Day,4,654,46.00%,353
OD0875,C815,P0739,20200524,5/24/2020,0,Same Day,2,854,30.00%,597
OD0876,C573,P0740,20200525,5/25/2020,9,Standard,4,475,30.00%,332
OD0877,C251,P0741,20200526,5/26/2020,5,Standard,2,349,30.00%,244
OD0878,C269,P0742,20200527,5/27/2020,4,Standard,2,350,30.00%,245
OD0879,C263,P0743,20200528,5/28/2020,3,Standard,4,351,30.00%,245
OD0880,C934,P0744,20200529,5/29/2020,2,Standard,3,352,35.00%,228
OD0881,C710,P0745,20200530,5/30/2020,0,Same Day,4,353,35.00%,229
OD0882,C765,P0746,20200531,5/31/2020,5,Standard,3,354,35.00%,230
OD0883,C468,P0747,20200601,6/1/2020,1,Prime,1,355,35.00%,230
OD0884,C701,P0748,20200602,6/2/2020,7,Standard,4,356,35.00%,231
OD0885,C871,P0749,20200603,6/3/2020,9,Standard,3,999,35.00%,649
OD0886,C43,P0750,20200604,6/4/2020,4,Standard,2,555,40.00%,333
OD0887,C510,P0751,20200605,6/5/2020,6,Standard,1,555,40.00%,333
OD0888,C650,P0752,20200606,6/6/2020,9,Standard,4,555,15.00%,471
OD0889,C78,P0753,20200607,6/7/2020,1,Prime,3,555,15.00%,471
OD0890,C375,P0754,20200608,6/8/2020,7,Standard,3,1025,15.00%,871
OD0891,C488,P0754,20200609,6/9/2020,1,Prime,4,1025,35.00%,666
OD0892,C909,P0754,20200610,6/10/2020,3,Standard,3,1025,35.00%,666
OD0893,C969,P0754,20200611,6/11/2020,0,Same Day,4,555,35.00%,360
OD0894,C809,P0754,20200612,6/12/2020,4,Standard,3,599,35.00%,389
OD0895,C891,P0754,20200613,6/13/2020,8,Standard,2,555,55.00%,249
OD0896,C249,P0754,20200614,6/14/2020,0,Same Day,4,555,55.00%,249
OD0897,C604,P0754,20200615,6/15/2020,8,Standard,4,565,55.00%,254
OD0898,C775,P0755,20200616,6/16/2020,7,Standard,1,555,55.00%,249
OD0899,C542,P0756,20200617,6/17/2020,5,Standard,2,999,50.00%,499
OD0900,C850,P0757,20200618,6/18/2020,6,Standard,4,999,50.00%,499
OD0901,C891,P0758,20200619,6/19/2020,2,Standard,3,999,50.00%,499
OD0902,C905,P0759,20200620,6/20/2020,0,Same Day,3,999,50.00%,499
OD0903,C11,P0760,20200621,6/21/2020,4,Standard,3,1119,50.00%,559
OD0904,C355,P0761,20200622,6/22/2020,1,Prime,1,1119,30.00%,783
OD0905,C531,P0762,20200623,6/23/2020,4,Standard,4,1119,32.00%,760
OD0906,C751,P0763,20200624,6/24/2020,7,Standard,3,1119,25.00%,839
OD0907,C908,P0764,20200625,6/25/2020,8,Standard,1,2234,45.00%,1228
OD0908,C33,P0765,20200626,6/26/2020,1,Prime,1,2345,15.00%,1993
OD0909,C408,P0766,20200627,6/27/2020,2,Standard,4,2245,33.00%,1504
OD0910,C511,P0767,20200628,6/28/2020,2,Standard,3,2145,42.00%,1244
OD0911,C689,P0768,20200629,6/29/2020,0,Same Day,2,2354,42.00%,1365
OD0912,C664,P0769,20200630,6/30/2020,7,Standard,3,2214,39.00%,1350
OD0913,C446,P0770,20200701,7/1/2020,5,Standard,2,2145,39.00%,1308
OD0914,C225,P0771,20200702,7/2/2020,7,Standard,2,2235,39.00%,1363
OD0915,C379,P0772,20200703,7/3/2020,8,Standard,3,2354,39.00%,1435
OD0916,C740,P0773,20200704,7/4/2020,4,Standard,2,2345,30.00%,1641
OD0917,C356,P0774,20200705,7/5/2020,2,Standard,1,2214,30.00%,1549
OD0918,C872,P0775,20200706,7/6/2020,4,Standard,1,2145,30.00%,1501
OD0919,C886,P0776,20200707,7/7/2020,4,Standard,3,2365,25.00%,1773
OD0920,C583,P0777,20200708,7/8/2020,4,Standard,4,2541,25.00%,1905
OD0921,C725,P0778,20200709,7/9/2020,2,Standard,1,2145,30.00%,1501
OD0922,C877,P0779,20200710,7/10/2020,9,Standard,3,2214,30.00%,1549
OD0923,C263,P0780,20200711,7/11/2020,3,Standard,2,2354,30.00%,1647
OD0924,C383,P0781,20200712,7/12/2020,8,Standard,1,3452,40.00%,2071
OD0925,C640,P0782,20200713,7/13/2020,9,Standard,3,1452,40.00%,871
OD0926,C491,P0783,20200714,7/14/2020,8,Standard,3,1246,40.00%,747
OD0927,C105,P0784,20200715,7/15/2020,1,Prime,4,2345,40.00%,1407
OD0928,C716,P0785,20200716,7/16/2020,7,Standard,2,2235,40.00%,1341
OD0929,C874,P0786,20200717,7/17/2020,7,Standard,2,2234,40.00%,1340
OD0930,C413,P0787,20200718,7/18/2020,6,Standard,2,1452,45.00%,798
OD0931,C641,P0788,20200719,7/19/2020,7,Standard,3,2356,45.00%,1295
OD0932,C745,P0789,20200720,7/20/2020,2,Standard,3,2245,45.00%,1234
OD0933,C602,P0790,20200721,7/21/2020,5,Standard,2,2235,47.00%,1184
OD0934,C570,P0790,20200722,7/22/2020,0,Same Day,3,965,47.00%,511
OD0935,C191,P0790,20200723,7/23/2020,6,Standard,4,1158,46.00%,625
OD0936,C998,P0790,20200724,7/24/2020,0,Same Day,3,264,46.00%,142
OD0937,C790,P0790,20200725,7/25/2020,8,Standard,3,433,46.00%,233
OD0938,C333,P0790,20200726,7/26/2020,0,Same Day,1,562,30.00%,393
OD0939,C874,P0791,20200727,7/27/2020,0,Same Day,4,423,30.00%,296
OD0940,C150,P0792,20200728,7/28/2020,6,Standard,1,621,30.00%,434
OD0941,C541,P0793,20200729,7/29/2020,1,Prime,2,333,30.00%,233
OD0942,C531,P0794,20200730,7/30/2020,4,Standard,2,236,30.00%,165
OD0943,C411,P0795,20200731,7/31/2020,7,Standard,4,456,35.00%,296
OD0944,C642,P0796,20200801,8/1/2020,7,Standard,3,327,35.00%,625
OD0945,C502,P0797,20200802,8/2/2020,2,Standard,1,327,35.00%,152
OD0946,C710,P0798,20200803,8/3/2020,6,Standard,4,327,35.00%,296
OD0947,C962,P0799,20200804,8/4/2020,2,Standard,1,327,35.00%,366
OD0948,C914,P0800,20200805,8/5/2020,5,Standard,3,249,35.00%,412
OD0949,C326,P0801,20200806,8/6/2020,5,Standard,1,1519,40.00%,141
OD0950,C455,P0802,20200807,8/7/2020,2,Standard,4,843,40.00%,266
OD0951,C596,P0803,20200808,8/8/2020,6,Standard,3,1348,15.00%,387
OD0952,C334,P0804,20200809,8/9/2020,2,Standard,3,1923,15.00%,818
OD0953,C757,P0805,20200810,8/10/2020,7,Standard,4,914,15.00%,387
OD0954,C445,P0806,20200811,8/11/2020,9,Standard,3,1422,34.00%,784
OD0955,C247,P0807,20200812,8/12/2020,3,Standard,1,901,34.00%,856
OD0956,C748,P0808,20200813,8/13/2020,0,Same Day,2,752,34.00%,960
OD0957,C627,P0809,20200814,8/14/2020,3,Standard,4,1429,34.00%,975
OD0958,C128,P0810,20200815,8/15/2020,6,Standard,1,1306,34.00%,168
OD0959,C902,P0811,20200816,8/16/2020,3,Standard,3,1593,34.00%,1780
OD0960,C774,P0812,20200817,8/17/2020,5,Standard,2,1570,44.00%,1323
OD0961,C910,P0813,20200818,8/18/2020,8,Standard,1,233,44.00%,692
OD0962,C703,P0814,20200819,8/19/2020,0,Same Day,4,165,44.00%,423
OD0963,C179,P0815,20200820,8/20/2020,4,Standard,3,342,44.00%,182
OD0964,C250,P0816,20200821,8/21/2020,6,Standard,4,722,44.00%,253
OD0965,C883,P0817,20200822,8/22/2020,0,Same Day,1,163,10.00%,293
OD0966,C633,P0818,20200823,8/23/2020,3,Standard,2,319,10.00%,410
OD0967,C179,P0819,20200824,8/24/2020,5,Standard,1,394,10.00%,607
OD0968,C482,P0820,20200825,8/25/2020,1,Prime,1,380,30.00%,457
OD0969,C318,P0821,20200826,8/26/2020,9,Standard,3,141,30.00%,457
OD0970,C859,P0822,20200827,8/27/2020,4,Standard,4,266,30.00%,457
OD0971,C625,P0823,20200828,8/28/2020,9,Standard,1,273,25.00%,490
OD0972,C75,P0824,20200829,8/29/2020,0,Same Day,1,577,25.00%,267
OD0973,C111,P0825,20200830,8/30/2020,5,Standard,2,273,30.00%,480
OD0974,C256,P0826,20200831,8/31/2020,5,Standard,2,653,30.00%,319
OD0975,C187,P0826,20200901,9/1/2020,3,Standard,4,713,30.00%,361
OD0976,C147,P0826,20200902,9/2/2020,7,Standard,4,800,40.00%,213
OD0977,C747,P0826,20200903,9/3/2020,3,Standard,3,783,40.00%,279
OD0978,C308,P0827,20200904,9/4/2020,7,Standard,4,135,40.00%,579
OD0979,C710,P0828,20200905,9/5/2020,7,Standard,2,1456,40.00%,694
OD0980,C848,P0829,20200906,9/6/2020,4,Standard,4,1276,40.00%,158
OD0981,C586,P0830,20200907,9/7/2020,3,Standard,1,667,40.00%,259
OD0982,C191,P0831,20200908,9/8/2020,1,Prime,4,529,45.00%,309
OD0983,C821,P0832,20200909,9/9/2020,2,Standard,4,228,45.00%,232
OD0984,C892,P0833,20200910,9/10/2020,2,Standard,3,317,45.00%,341
OD0985,C984,P0834,20200911,9/11/2020,3,Standard,1,228,47.00%,176
OD0986,C144,P0835,20200912,9/12/2020,3,Standard,3,319,47.00%,125
OD0987,C734,P0836,20200913,9/13/2020,9,Standard,2,438,46.00%,246
OD0988,C886,P0837,20200914,9/14/2020,4,Standard,4,425,46.00%,520
OD0989,C257,P0838,20200915,9/15/2020,3,Standard,4,425,46.00%,126
OD0990,C527,P0839,20200916,9/16/2020,9,Standard,2,425,30.00%,319
OD0991,C998,P0840,20200917,9/17/2020,7,Standard,3,425,30.00%,394
OD0992,C203,P0841,20200918,9/18/2020,5,Standard,1,231,30.00%,443
OD0993,C307,P0842,20200919,9/19/2020,5,Standard,3,411,30.00%,165
OD0994,C797,P0843,20200920,9/20/2020,7,Standard,3,273,30.00%,310
OD0995,C533,P0844,20200921,9/21/2020,6,Standard,1,438,35.00%,296
OD0996,C65,P0845,20200922,9/22/2020,9,Standard,4,301,35.00%,625
OD0997,C665,P0846,20200923,9/23/2020,9,Standard,3,395,35.00%,296
OD0998,C215,P0847,20200924,9/24/2020,7,Standard,2,627,35.00%,772
OD0999,C744,P0848,20200925,9/25/2020,1,Prime,1,752,35.00%,843
OD1000,C285,P0849,20200926,9/26/2020,8,Standard,4,171,35.00%,946
OD1001,C683,P0850,20200927,9/27/2020,0,Same Day,1,281,40.00%,886
OD1002,C251,P0851,20200928,9/28/2020,7,Standard,2,252,40.00%,153
OD1003,C256,P0852,20200929,9/29/2020,3,Standard,1,190,15.00%,2293
OD1004,C843,P0853,20200930,9/30/2020,3,Standard,1,279,15.00%,2009
OD1005,C278,P0854,20201001,10/1/2020,4,Standard,3,149,15.00%,1050
OD1006,C321,P0855,20201002,10/2/2020,7,Standard,2,118,35.00%,491
OD1007,C780,P0856,20201003,10/3/2020,4,Standard,2,228,35.00%,211
OD1008,C253,P0857,20201004,10/4/2020,7,Standard,2,481,35.00%,294
OD1009,C43,P0858,20201005,10/5/2020,9,Standard,1,117,35.00%,211
OD1010,C408,P0859,20201006,10/6/2020,0,Same Day,2,228,55.00%,205
OD1011,C497,P0860,20201007,10/7/2020,9,Standard,2,394,55.00%,303
OD1012,C765,P0861,20201008,10/8/2020,8,Standard,2,431,55.00%,294
OD1013,C120,P0862,20201009,10/9/2020,5,Standard,3,177,55.00%,294
OD1014,C617,P0863,20201010,10/10/2020,2,Standard,2,244,50.00%,327
OD1015,C730,P0863,20201011,10/11/2020,7,Standard,1,387,50.00%,327
OD1016,C130,P0863,20201012,10/12/2020,8,Standard,3,645,50.00%,178
OD1017,C911,P0863,20201013,10/13/2020,5,Standard,2,264,50.00%,343
OD1018,C845,P0863,20201014,10/14/2020,6,Standard,2,689,50.00%,228
OD1019,C919,P0864,20201015,10/15/2020,0,Same Day,3,791,30.00%,361
OD1020,C418,P0865,20201016,10/16/2020,4,Standard,2,888,32.00%,241
OD1021,C875,P0866,20201017,10/17/2020,4,Standard,1,901,25.00%,348
OD1022,C346,P0867,20201018,10/18/2020,9,Standard,1,156,45.00%,530
OD1023,C315,P0868,20201019,10/19/2020,3,Standard,2,1888,15.00%,984
OD1024,C439,P0869,20201020,10/20/2020,5,Standard,1,1654,33.00%,176
OD1025,C559,P0870,20201021,10/21/2020,6,Standard,3,865,42.00%,251
OD1026,C614,P0871,20201022,10/22/2020,8,Standard,2,567,42.00%,325
OD1027,C391,P0872,20201023,10/23/2020,0,Same Day,3,244,39.00%,258
OD1028,C639,P0873,20201024,10/24/2020,5,Standard,1,317,39.00%,378
OD1029,C856,P0874,20201025,10/25/2020,6,Standard,2,228,39.00%,203
OD1030,C744,P0875,20201026,10/26/2020,2,Standard,3,319,39.00%,143
OD1031,C831,P0876,20201027,10/27/2020,7,Standard,1,405,30.00%,319
OD1032,C275,P0877,20201028,10/28/2020,4,Standard,2,392,30.00%,674
OD1033,C950,P0878,20201029,10/29/2020,8,Standard,4,392,30.00%,163
OD1034,C665,P0879,20201030,10/30/2020,4,Standard,1,392,25.00%,342
OD1035,C524,P0880,20201031,10/31/2020,8,Standard,1,392,25.00%,423
OD1036,C994,P0881,20201101,11/1/2020,9,Standard,4,213,30.00%,443
OD1037,C374,P0882,20201102,11/2/2020,3,Standard,4,377,30.00%,165
OD1038,C999,P0883,20201103,11/3/2020,8,Standard,3,250,30.00%,310
OD1039,C242,P0884,20201104,11/4/2020,4,Standard,1,283,40.00%,273
OD1040,C861,P0885,20201105,11/5/2020,9,Standard,4,188,40.00%,577
OD1041,C533,P0886,20201106,11/6/2020,8,Standard,2,246,40.00%,273
OD1042,C934,P0887,20201107,11/7/2020,2,Standard,1,521,40.00%,713
OD1043,C223,P0888,20201108,11/8/2020,3,Standard,3,625,40.00%,778
OD1044,C200,P0889,20201109,11/9/2020,8,Standard,4,142,40.00%,873
OD1045,C942,P0890,20201110,11/10/2020,9,Standard,1,303,45.00%,812
OD1046,C854,P0891,20201111,11/11/2020,5,Standard,1,393,45.00%,140
OD1047,C645,P0892,20201112,11/12/2020,1,Prime,4,296,45.00%,1483
OD1048,C939,P0893,20201113,11/13/2020,6,Standard,4,434,47.00%,1252
OD1049,C527,P0894,20201114,11/14/2020,1,Prime,4,233,47.00%,655
OD1050,C381,P0895,20201115,11/15/2020,1,Prime,1,153,46.00%,408
OD1051,C471,P0896,20201116,11/16/2020,0,Same Day,4,296,46.00%,176
OD1052,C77,P0897,20201117,11/17/2020,2,Standard,4,625,46.00%,244
OD1053,C689,P0898,20201118,11/18/2020,5,Standard,1,152,30.00%,228
OD1054,C181,P0899,20201119,11/19/2020,7,Standard,1,296,30.00%,319
OD1055,C48,P0900,20201120,11/20/2020,8,Standard,3,366,30.00%,319
OD1056,C650,P0901,20201121,11/21/2020,6,Standard,2,380,30.00%,319
OD1057,C592,P0902,20201122,11/22/2020,3,Standard,1,141,30.00%,319
OD1058,C571,P0903,20201123,11/23/2020,5,Standard,2,377,35.00%,153
OD1059,C287,P0904,20201124,11/24/2020,4,Standard,3,387,35.00%,647
OD1060,C568,P0905,20201125,11/25/2020,7,Standard,3,818,35.00%,425
OD1061,C680,P0906,20201126,11/26/2020,0,Same Day,4,296,35.00%,296
OD1062,C253,P0907,20201127,11/27/2020,0,Same Day,3,772,35.00%,510
OD1063,C619,P0908,20201128,11/28/2020,5,Standard,4,843,35.00%,237
OD1064,C605,P0909,20201129,11/29/2020,9,Standard,4,946,40.00%,579
OD1065,C96,P0910,20201130,11/30/2020,1,Prime,1,665,40.00%,266
OD1066,C517,P0911,20201201,12/1/2020,4,Standard,1,115,15.00%,483
OD1067,C454,P0911,20201202,12/2/2020,0,Same Day,2,1214,15.00%,403
OD1068,C03,P0911,20201203,12/3/2020,6,Standard,4,1063,15.00%,508
OD1069,C616,P0911,20201204,12/4/2020,0,Same Day,4,618,30.00%,375
OD1070,C531,P0911,20201205,12/5/2020,3,Standard,2,378,30.00%,179
OD1071,C531,P0911,20201206,12/6/2020,8,Standard,4,163,30.00%,319
OD1072,C61,P0911,20201207,12/7/2020,0,Same Day,3,226,25.00%,342
OD1073,C823,P0912,20201208,12/8/2020,3,Standard,4,163,25.00%,558
OD1074,C816,P0913,20201209,12/9/2020,5,Standard,4,319,30.00%,249
OD1075,C136,P0914,20201210,12/10/2020,5,Standard,4,310,30.00%,832
OD1076,C419,P0915,20201211,12/11/2020,7,Standard,1,342,30.00%,298
OD1077,C171,P0916,20201212,12/12/2020,0,Same Day,3,250,40.00%,675
OD1078,C61,P0917,20201213,12/13/2020,6,Standard,4,200,40.00%,687
OD1079,C824,P0918,20201214,12/14/2020,0,Same Day,3,667,40.00%,741
OD1080,C631,P0919,20201215,12/15/2020,6,Standard,3,379,40.00%,938
OD1081,C467,P0920,20201216,12/16/2020,2,Standard,3,264,40.00%,392
OD1082,C490,P0921,20201217,12/17/2020,7,Standard,2,478,40.00%,512
OD1083,C643,P0922,20201218,12/18/2020,2,Standard,4,222,45.00%,261
OD1084,C545,P0923,20201219,12/19/2020,0,Same Day,1,588,45.00%,191
OD1085,C515,P0924,20201220,12/20/2020,7,Standard,1,270,45.00%,192
OD1086,C162,P0925,20201221,12/21/2020,2,Standard,1,398,47.00%,186
OD1087,C569,P0926,20201222,12/22/2020,1,Prime,1,332,47.00%,186
OD1088,C145,P0927,20201223,12/23/2020,0,Same Day,4,418,46.00%,190
OD1089,C250,P0928,20201224,12/24/2020,2,Standard,1,402,46.00%,191
OD1090,C195,P0929,20201225,12/25/2020,1,Prime,3,192,46.00%,191
OD1091,C565,P0930,20201226,12/26/2020,1,Prime,2,319,30.00%,249
OD1092,C352,P0931,20201227,12/27/2020,5,Standard,1,319,30.00%,699
OD1093,C85,P0932,20201228,12/28/2020,0,Same Day,3,521,30.00%,388
OD1094,C665,P0933,20201229,12/29/2020,1,Prime,1,213,30.00%,388
OD1095,C898,P0934,20201230,12/30/2020,5,Standard,4,713,30.00%,388
OD1096,C293,P0935,20201231,12/31/2020,2,Standard,3,255,35.00%,360
OD1097,C774,P0936,20210101,1/1/2021,3,Standard,4,675,35.00%,666
OD1098,C240,P0936,20210102,1/2/2021,0,Same Day,1,687,35.00%,666
OD1099,C818,P0936,20210103,1/3/2021,7,Standard,3,741,35.00%,666
OD1100,C924,P0936,20210104,1/4/2021,6,Standard,3,860,35.00%,360
OD1101,C904,P0936,20210105,1/5/2021,6,Standard,3,359,35.00%,389
OD1102,C100,P0937,20210106,1/6/2021,2,Standard,1,469,40.00%,333
OD1103,C991,P0938,20210107,1/7/2021,9,Standard,2,251,40.00%,333
OD1104,C862,P0939,20210108,1/8/2021,9,Standard,2,184,15.00%,480
OD1105,C368,P0940,20210109,1/9/2021,2,Standard,4,189,15.00%,471
OD1106,C659,P0941,20210110,1/10/2021,1,Prime,2,189,15.00%,849
OD1107,C76,P0942,20210111,1/11/2021,0,Same Day,1,190,35.00%,649
OD1108,C151,P0943,20210112,1/12/2021,6,Standard,3,247,35.00%,649
OD1109,C744,P0944,20210113,1/13/2021,6,Standard,3,247,35.00%,649
OD1110,C869,P0945,20210114,1/14/2021,1,Prime,1,248,35.00%,727
OD1111,C537,P0946,20210115,1/15/2021,6,Standard,3,249,55.00%,503
OD1112,C765,P0947,20210116,1/16/2021,7,Standard,2,699,55.00%,503
OD1113,C134,P0948,20210117,1/17/2021,0,Same Day,4,360,55.00%,503
OD1114,C61,P0949,20210118,1/18/2021,8,Standard,1,360,55.00%,443
OD1115,C303,P0950,20210119,1/19/2021,6,Standard,3,360,50.00%,492
OD1116,C479,P0951,20210120,1/20/2021,2,Standard,1,360,50.00%,492
OD1117,C845,P0952,20210121,1/21/2021,7,Standard,2,666,50.00%,492
OD1118,C454,P0953,20210122,1/22/2021,6,Standard,3,666,50.00%,492
OD1119,C660,P0954,20210123,1/23/2021,7,Standard,3,615,50.00%,184
OD1120,C922,P0955,20210124,1/24/2021,5,Standard,3,333,30.00%,279
OD1121,C962,P0956,20210125,1/25/2021,8,Standard,3,509,32.00%,271
OD1122,C872,P0957,20210126,1/26/2021,4,Standard,1,471,25.00%,299
OD1123,C16,P0958,20210127,1/27/2021,2,Standard,2,471,45.00%,219
OD1124,C862,P0959,20210128,1/28/2021,2,Standard,2,1459,15.00%,471
OD1125,C835,P0960,20210129,1/29/2021,0,Same Day,4,1466,33.00%,371
OD1126,C660,P0961,20210130,1/30/2021,7,Standard,1,1439,42.00%,321
OD1127,C242,P0962,20210131,1/31/2021,1,Prime,2,1394,42.00%,321
OD1128,C337,P0963,20210201,2/1/2021,2,Standard,1,1046,39.00%,411
OD1129,C130,P0964,20210202,2/2/2021,7,Standard,1,1015,39.00%,411
OD1130,C390,P0965,20210203,2/3/2021,7,Standard,2,641,39.00%,411
OD1131,C882,P0966,20210204,2/4/2021,3,Standard,4,1006,39.00%,398
OD1132,C548,P0967,20210205,2/5/2021,3,Standard,4,1262,30.00%,457
OD1133,C610,P0968,20210206,2/6/2021,4,Standard,4,1072,30.00%,457
OD1134,C337,P0969,20210207,2/7/2021,5,Standard,3,1182,30.00%,457
OD1135,C764,P0970,20210208,2/8/2021,4,Standard,2,622,25.00%,267
OD1136,C914,P0971,20210209,2/9/2021,6,Standard,3,1622,25.00%,514
OD1137,C537,P0972,20210210,2/10/2021,1,Prime,3,855,30.00%,319
OD1138,C562,P0973,20210211,2/11/2021,6,Standard,3,1666,30.00%,361
OD1139,C672,P0974,20210212,2/12/2021,9,Standard,1,1692,30.00%,248
OD1140,C513,P0975,20210213,2/13/2021,6,Standard,1,219,40.00%,279
OD1141,C185,P0976,20210214,2/14/2021,0,Same Day,2,339,40.00%,579
OD1142,C692,P0977,20210215,2/15/2021,6,Standard,2,267,40.00%,694
OD1143,C28,P0978,20210216,2/16/2021,4,Standard,1,231,40.00%,158
OD1144,C765,P0979,20210217,2/17/2021,2,Standard,1,321,40.00%,259
OD1145,C819,P0980,20210218,2/18/2021,2,Standard,3,338,40.00%,337
OD1146,C420,P0980,20210219,2/19/2021,3,Standard,4,338,45.00%,232
OD1147,C511,P0980,20210220,2/20/2021,1,Prime,4,338,45.00%,341
OD1148,C539,P0980,20210221,2/21/2021,1,Prime,4,411,45.00%,183
OD1149,C780,P0980,20210222,2/22/2021,0,Same Day,4,472,47.00%,125
OD1150,C06,P0981,20210223,2/23/2021,4,Standard,4,472,47.00%,241
OD1151,C39,P0982,20210224,2/24/2021,3,Standard,3,457,46.00%,520
OD1152,C580,P0983,20210225,2/25/2021,9,Standard,2,490,46.00%,126
OD1153,C435,P0984,20210226,2/26/2021,1,Prime,1,490,46.00%,246
OD1154,C819,P0985,20210227,2/27/2021,2,Standard,3,457,30.00%,394
OD1155,C439,P0986,20210228,2/28/2021,6,Standard,4,249,30.00%,443
OD1156,C902,P0987,20210301,3/1/2021,6,Standard,1,480,30.00%,165
OD1157,C816,P0988,20210302,3/2/2021,3,Standard,3,273,30.00%,310
OD1158,C265,P0989,20210303,3/3/2021,4,Standard,4,309,30.00%,319
OD1159,C618,P0990,20210304,3/4/2021,4,Standard,3,213,35.00%,625
OD1160,C476,P0991,20210305,3/5/2021,5,Standard,1,279,35.00%,296
OD1161,C340,P0992,20210306,3/6/2021,8,Standard,2,579,35.00%,772
OD1162,C396,P0993,20210307,3/7/2021,1,Prime,4,694,35.00%,843
OD1163,C388,P0994,20210308,3/8/2021,4,Standard,1,145,35.00%,946
OD1164,C810,P0995,20210309,3/9/2021,2,Standard,1,238,35.00%,960
OD1165,C390,P0995,20210310,3/10/2021,3,Standard,2,309,40.00%,153
OD1166,C677,P0995,20210311,3/11/2021,9,Standard,3,224,40.00%,1618
OD1167,C63,P0995,20210312,3/12/2021,5,Standard,2,329,15.00%,2009
OD1168,C614,P0995,20210313,3/13/2021,7,Standard,2,179,15.00%,1050
OD1169,C544,P0996,20210314,3/14/2021,0,Same Day,3,127,15.00%,642
OD1170,C277,P0997,20210315,3/15/2021,9,Standard,3,246,30.00%,228
OD1171,C233,P0998,20210316,3/16/2021,7,Standard,3,674,30.00%,317
OD1172,C306,P0999,20210317,3/17/2021,6,Standard,1,163,40.00%,195
OD1173,C810,P1000,20210318,3/18/2021,0,Same Day,1,319,40.00%,273
OD1174,C693,P1001,20210319,3/19/2021,1,Prime,4,394,40.00%,405
OD1175,C893,P1002,20210320,3/20/2021,2,Standard,4,443,40.00%,392
OD1176,C691,P1003,20210321,3/21/2021,0,Same Day,2,153,40.00%,392
OD1177,C248,P1004,20210322,3/22/2021,8,Standard,2,288,40.00%,392
OD1178,C178,P1005,20210323,3/23/2021,7,Standard,4,296,45.00%,359
OD1179,C951,P1006,20210324,3/24/2021,1,Prime,2,625,45.00%,195
OD1180,C34,P1007,20210325,3/25/2021,8,Standard,3,296,45.00%,377
OD1181,C418,P1008,20210326,3/26/2021,6,Standard,1,772,47.00%,241
OD1182,C446,P1009,20210327,3/27/2021,8,Standard,4,778,47.00%,273
OD1183,C151,P1010,20210328,3/28/2021,5,Standard,1,873,46.00%,191
OD1184,C144,P1011,20210329,3/29/2021,5,Standard,4,1256,46.00%,251
OD1185,C15,P1012,20210330,3/30/2021,3,Standard,1,217,46.00%,521
OD1186,C411,P1013,20210331,3/31/2021,9,Standard,4,2293,30.00%,810
OD1187,C616,P1014,20210401,4/1/2021,9,Standard,1,1536,30.00%,184
OD1188,C202,P1015,20210402,4/2/2021,1,Prime,3,803,30.00%,303
OD1189,C349,P1016,20210403,4/3/2021,6,Standard,4,562,30.00%,393
OD1190,C75,P1017,20210404,4/4/2021,4,Standard,4,423,30.00%,296
OD1191,C340,P1018,20210405,4/5/2021,5,Standard,4,621,35.00%,403
OD1192,C718,P1019,20210406,4/6/2021,1,Prime,3,333,35.00%,216
OD1193,C474,P1020,20210407,4/7/2021,4,Standard,1,236,35.00%,153
OD1194,C421,P1021,20210408,4/8/2021,9,Standard,4,456,35.00%,296
OD1195,C438,P1022,20210409,4/9/2021,3,Standard,1,963,35.00%,625
OD1196,C116,P1022,20210410,4/10/2021,8,Standard,3,234,35.00%,152
OD1197,C949,P1022,20210411,4/11/2021,5,Standard,2,456,40.00%,273
OD1198,C473,P1022,20210412,4/12/2021,1,Prime,4,564,40.00%,338
OD1199,C778,P1022,20210413,4/13/2021,0,Same Day,3,634,15.00%,538
OD1200,C999,P1023,20210414,4/14/2021,4,Standard,1,236,15.00%,200
OD1201,C680,P1024,20210415,4/15/2021,8,Standard,4,444,15.00%,377
OD1202,C387,P1025,20210416,4/16/2021,5,Standard,1,456,35.00%,296
OD1203,C264,P1026,20210417,4/17/2021,9,Standard,2,963,35.00%,625
OD1204,C685,P1027,20210418,4/18/2021,6,Standard,4,456,35.00%,296
OD1205,C400,P1028,20210419,4/19/2021,4,Standard,4,1189,35.00%,772
OD1206,C929,P1029,20210420,4/20/2021,9,Standard,1,1298,55.00%,584
OD1207,C486,P1030,20210421,4/21/2021,5,Standard,4,1456,55.00%,655
OD1208,C506,P1031,20210422,4/22/2021,4,Standard,3,1478,55.00%,665
OD1209,C913,P1032,20210423,4/23/2021,8,Standard,3,256,55.00%,115
OD1210,C822,P1033,20210424,4/24/2021,5,Standard,2,2698,50.00%,1349
OD1211,C275,P1034,20210425,4/25/2021,7,Standard,3,2364,50.00%,1182
OD1212,C342,P1035,20210426,4/26/2021,1,Prime,2,1236,50.00%,618
OD1213,C955,P1036,20210427,4/27/2021,8,Standard,1,756,50.00%,378
OD1214,C400,P1037,20210428,4/28/2021,4,Standard,1,326,50.00%,163
OD1215,C755,P1038,20210429,4/29/2021,6,Standard,2,453,30.00%,317
OD1216,C590,P1039,20210430,4/30/2021,9,Standard,3,326,32.00%,221
OD1217,C824,P1040,20210501,5/1/2021,0,Same Day,3,456,25.00%,342
OD1218,C811,P1041,20210502,5/2/2021,9,Standard,2,675,45.00%,371
OD1219,C96,P1042,20210503,5/3/2021,4,Standard,2,654,15.00%,555
OD1220,C153,P1043,20210504,5/4/2021,9,Standard,1,654,33.00%,438
OD1221,C548,P1044,20210505,5/5/2021,1,Prime,2,654,42.00%,379
OD1222,C383,P1045,20210506,5/6/2021,5,Standard,3,654,42.00%,379
OD1223,C893,P1046,20210507,5/7/2021,0,Same Day,2,356,39.00%,217
OD1224,C130,P1047,20210508,5/8/2021,2,Standard,2,686,39.00%,418
OD1225,C320,P1048,20210509,5/9/2021,4,Standard,2,456,39.00%,278
OD1226,C343,P1049,20210510,5/10/2021,3,Standard,1,516,39.00%,314
OD1227,C119,P1050,20210511,5/11/2021,2,Standard,2,355,30.00%,248
OD1228,C896,P1051,20210512,5/12/2021,9,Standard,4,465,30.00%,325
OD1229,C785,P1052,20210513,5/13/2021,4,Standard,4,965,30.00%,675
OD1230,C827,P1053,20210514,5/14/2021,7,Standard,4,1158,25.00%,868
OD1231,C598,P1054,20210515,5/15/2021,3,Standard,3,264,25.00%,198
OD1232,C749,P1055,20210516,5/16/2021,0,Same Day,3,433,30.00%,303
OD1233,C814,P1056,20210517,5/17/2021,6,Standard,2,562,30.00%,393
OD1234,C732,P1057,20210518,5/18/2021,7,Standard,4,423,30.00%,296
OD1235,C513,P1058,20210519,5/19/2021,2,Standard,1,621,40.00%,372
OD1236,C08,P1059,20210520,5/20/2021,5,Standard,4,333,40.00%,199
OD1237,C364,P1060,20210521,5/21/2021,1,Prime,4,236,40.00%,141
OD1238,C91,P1061,20210522,5/22/2021,6,Standard,3,456,40.00%,273
OD1239,C160,P1062,20210523,5/23/2021,7,Standard,3,963,40.00%,577
OD1240,C584,P1063,20210524,5/24/2021,5,Standard,1,234,40.00%,140
OD1241,C830,P1064,20210525,5/25/2021,5,Standard,3,456,45.00%,250
OD1242,C713,P1065,20210526,5/26/2021,4,Standard,1,564,45.00%,310
OD1243,C439,P1066,20210527,5/27/2021,7,Standard,3,634,45.00%,348
OD1244,C514,P1067,20210528,5/28/2021,0,Same Day,4,236,47.00%,125
OD1245,C980,P1068,20210529,5/29/2021,9,Standard,4,444,47.00%,235
OD1246,C209,P1069,20210530,5/30/2021,3,Standard,1,456,46.00%,246
OD1247,C593,P1070,20210531,5/31/2021,3,Standard,1,963,46.00%,520
OD1248,C745,P1071,20210601,6/1/2021,2,Standard,3,456,46.00%,246
OD1249,C958,P1071,20210602,6/2/2021,2,Standard,3,1189,30.00%,832
OD1250,C605,P1071,20210603,6/3/2021,3,Standard,1,1298,30.00%,908
OD1251,C276,P1071,20210604,6/4/2021,0,Same Day,1,1456,30.00%,1019
OD1252,C946,P1071,20210605,6/5/2021,1,Prime,4,1478,30.00%,1034
OD1253,C01,P1071,20210606,6/6/2021,8,Standard,4,256,30.00%,179
OD1254,C172,P1072,20210607,6/7/2021,9,Standard,1,2698,35.00%,1753
OD1255,C586,P1073,20210608,6/8/2021,1,Prime,4,2364,35.00%,1536
OD1256,C842,P1074,20210609,6/9/2021,4,Standard,2,1236,35.00%,803
OD1257,C680,P1075,20210610,6/10/2021,8,Standard,3,756,35.00%,491
OD1258,C790,P1076,20210611,6/11/2021,8,Standard,4,326,35.00%,211
OD1259,C736,P1077,20210612,6/12/2021,7,Standard,2,453,35.00%,294
OD1260,C334,P1078,20210613,6/13/2021,0,Same Day,1,326,40.00%,195
OD1261,C936,P1079,20210614,6/14/2021,0,Same Day,4,456,40.00%,273
OD1262,C748,P1080,20210615,6/15/2021,8,Standard,1,456,15.00%,387
OD1263,C775,P1081,20210616,6/16/2021,7,Standard,3,456,15.00%,387
OD1264,C534,P1082,20210617,6/17/2021,9,Standard,1,456,15.00%,387
OD1265,C602,P1083,20210618,6/18/2021,8,Standard,2,236,30.00%,165
OD1266,C874,P1084,20210619,6/19/2021,6,Standard,1,996,30.00%,697
OD1267,C509,P1085,20210620,6/20/2021,2,Standard,2,654,30.00%,457
OD1268,C576,P1086,20210621,6/21/2021,2,Standard,4,456,25.00%,342
OD1269,C132,P1087,20210622,6/22/2021,1,Prime,4,785,25.00%,588
OD1270,C688,P1088,20210623,6/23/2021,4,Standard,2,365,30.00%,255
OD1271,C615,P1089,20210624,6/24/2021,2,Standard,3,965,30.00%,675
OD1272,C180,P1090,20210625,6/25/2021,5,Standard,3,444,30.00%,310
OD1273,C889,P1091,20210626,6/26/2021,1,Prime,3,569,40.00%,341
OD1274,C310,P1092,20210627,6/27/2021,2,Standard,4,475,40.00%,285
OD1275,C862,P1093,20210628,6/28/2021,4,Standard,4,598,40.00%,358
OD1276,C105,P1094,20210629,6/29/2021,0,Same Day,3,536,40.00%,321
OD1277,C747,P1095,20210630,6/30/2021,0,Same Day,1,256,40.00%,153
OD1278,C793,P1096,20201105,11/5/2020,9,Standard,3,456,40.00%,273
OD1279,C968,P1097,20180108,1/8/2018,8,Standard,1,456,45.00%,250
OD1280,C375,P1098,20211104,11/4/2021,6,Standard,3,745,45.00%,409
OD1281,C656,P1099,20190929,9/29/2019,0,Same Day,1,356,45.00%,195
OD1282,C489,P1100,20200408,4/8/2020,7,Standard,4,1189,47.00%,630
OD1283,C746,P1101,20200723,7/23/2020,2,Standard,3,426,47.00%,225
OD1284,C100,P1102,20190728,7/28/2019,7,Standard,3,1126,46.00%,608
OD1285,C381,P1103,20191116,11/16/2019,4,Standard,2,1145,46.00%,618
OD1286,C443,P1104,20200309,3/9/2020,0,Same Day,3,1235,46.00%,666
OD1287,C942,P1105,20200421,4/21/2020,6,Standard,1,1564,30.00%,1094
OD1288,C450,P1106,20181207,12/7/2018,4,Standard,2,654,30.00%,457
OD1289,C207,P1107,20210330,3/30/2021,5,Standard,3,854,30.00%,597
OD1290,C406,P1108,20211222,12/22/2021,5,Standard,3,475,30.00%,332
OD1291,C420,P1109,20200509,5/9/2020,7,Standard,4,475,30.00%,332
OD1292,C784,P1110,20200805,8/5/2020,8,Standard,2,475,35.00%,308
OD1293,C744,P1111,20190926,9/26/2019,1,Prime,1,475,35.00%,308
OD1294,C413,P1112,20190929,9/29/2019,8,Standard,3,475,35.00%,308
OD1295,C395,P1113,20180808,8/8/2018,9,Standard,4,475,35.00%,308
OD1296,C136,P1114,20190321,3/21/2019,8,Standard,3,475,35.00%,308
OD1297,C439,P1115,20200123,1/23/2020,9,Standard,2,475,35.00%,308
OD1298,C614,P1116,20201211,12/11/2020,9,Standard,1,564,40.00%,338
OD1299,C238,P1116,20200418,4/18/2020,6,Standard,4,478,40.00%,286
OD1300,C252,P1116,20180528,5/28/2018,0,Same Day,3,1264,15.00%,1074
OD1301,C230,P1116,20200905,9/5/2020,6,Standard,1,458,15.00%,389
OD1302,C198,P1116,20190509,5/9/2019,9,Standard,3,899,15.00%,764
OD1303,C673,P1116,20180511,5/11/2018,4,Standard,3,859,35.00%,558
OD1304,C423,P1117,20210624,6/24/2021,5,Standard,2,758,35.00%,492
OD1305,C739,P1118,20180801,8/1/2018,9,Standard,2,2354,35.00%,1530
OD1306,C286,P1119,20180218,2/18/2018,6,Standard,3,2344,35.00%,1523
OD1307,C270,P1120,20200419,4/19/2020,4,Standard,4,2453,55.00%,1103
OD1308,C525,P1121,20181018,10/18/2018,6,Standard,2,2154,55.00%,969
OD1309,C465,P1122,20180103,1/3/2018,8,Standard,2,896,55.00%,403
OD1310,C170,P1123,20201009,10/9/2020,2,Standard,2,756,55.00%,340
OD1311,C138,P1124,20190121,1/21/2019,7,Standard,2,236,50.00%,118
OD1312,C260,P1125,20210519,5/19/2021,1,Prime,1,475,50.00%,237
OD1313,C310,P1126,20180811,8/11/2018,6,Standard,3,589,50.00%,294
OD1314,C292,P1127,20191026,10/26/2019,1,Prime,1,365,50.00%,182
OD1315,C523,P1128,20200502,5/2/2020,3,Standard,1,1233,50.00%,616
OD1316,C349,P1129,20210228,2/28/2021,6,Standard,3,1233,30.00%,863
OD1317,C574,P1130,20190826,8/26/2019,2,Standard,2,1233,32.00%,838
OD1318,C893,P1131,20211227,12/27/2021,1,Prime,4,1233,25.00%,924
OD1319,C648,P1132,20180423,4/23/2018,9,Standard,2,1233,45.00%,678
OD1320,C154,P1133,20200929,9/29/2020,6,Standard,2,1233,15.00%,1048
OD1321,C368,P1134,20190113,1/13/2019,0,Same Day,2,456,33.00%,305
OD1322,C230,P1135,20191219,12/19/2019,7,Standard,2,456,42.00%,264
OD1323,C741,P1136,20200619,6/19/2020,2,Standard,4,456,42.00%,264
OD1324,C448,P1137,20200405,4/5/2020,1,Prime,1,456,39.00%,278
OD1325,C47,P1138,20200410,4/10/2020,2,Standard,4,786,39.00%,479
OD1326,C945,P1139,20210608,6/8/2021,4,Standard,3,786,39.00%,479
OD1327,C422,P1140,20190327,3/27/2019,7,Standard,2,786,39.00%,479
OD1328,C74,P1141,20191105,11/5/2019,9,Standard,4,786,30.00%,550
OD1329,C688,P1142,20190202,2/2/2019,6,Standard,3,786,30.00%,550
OD1330,C77,P1143,20200608,6/8/2020,6,Standard,4,786,30.00%,550
OD1331,C501,P1144,20210910,9/10/2021,6,Standard,2,569,25.00%,426
OD1332,C421,P1145,20180216,2/16/2018,7,Standard,2,569,25.00%,426
OD1333,C538,P1146,20190624,6/24/2019,0,Same Day,3,569,30.00%,398
OD1334,C83,P1147,20200701,7/1/2020,3,Standard,4,569,30.00%,398
OD1335,C331,P1148,20211107,11/7/2021,5,Standard,2,569,30.00%,398
OD1336,C830,P1149,20190804,8/4/2019,8,Standard,3,569,40.00%,341
OD1337,C869,P1150,20190606,6/6/2019,1,Prime,4,569,40.00%,341
OD1338,C680,P1151,20210527,5/27/2021,0,Same Day,4,569,40.00%,341
OD1339,C934,P1152,20200110,1/10/2020,9,Standard,3,349,40.00%,209
OD1340,C897,P1153,20201106,11/6/2020,1,Prime,4,350,40.00%,210
OD1341,C692,P1154,20191009,10/9/2019,6,Standard,4,351,40.00%,210
OD1342,C312,P1155,20200107,1/7/2020,2,Standard,2,352,45.00%,193
OD1343,C584,P1156,20200708,7/8/2020,9,Standard,2,353,45.00%,194
OD1344,C685,P1157,20190720,7/20/2019,1,Prime,2,354,45.00%,194
OD1345,C137,P1158,20180319,3/19/2018,6,Standard,3,355,47.00%,188
OD1346,C287,P1159,20210508,5/8/2021,1,Prime,1,356,47.00%,188
OD1347,C81,P1160,20200717,7/17/2020,2,Standard,4,999,46.00%,539
OD1348,C607,P1161,20180831,8/31/2018,6,Standard,3,555,46.00%,299
OD1349,C512,P1162,20210228,2/28/2021,3,Standard,1,555,46.00%,299
OD1350,C317,P1163,20180525,5/25/2018,0,Same Day,1,555,30.00%,388
OD1351,C464,P1164,20200209,2/9/2020,4,Standard,3,555,30.00%,388
OD1352,C41,P1165,20200820,8/20/2020,8,Standard,1,1025,30.00%,717
OD1353,C824,P1166,20181210,12/10/2018,7,Standard,2,1025,30.00%,717
OD1354,C357,P1167,20200929,9/29/2020,8,Standard,3,1025,30.00%,717
OD1355,C556,P1167,20200415,4/15/2020,9,Standard,4,555,35.00%,360
OD1356,C688,P1167,20181204,12/4/2018,8,Standard,2,599,35.00%,389
OD1357,C686,P1167,20210824,8/24/2021,6,Standard,4,555,35.00%,360
OD1358,C993,P1167,20181025,10/25/2018,3,Standard,1,555,35.00%,360
OD1359,C389,P1167,20190201,2/1/2019,4,Standard,2,565,35.00%,367
OD1360,C403,P1167,20200826,8/26/2020,0,Same Day,4,555,35.00%,360
OD1361,C512,P1167,20210926,9/26/2021,0,Same Day,3,999,40.00%,599
OD1362,C947,P1168,20190926,9/26/2019,2,Standard,1,999,40.00%,599
OD1363,C615,P1169,20200831,8/31/2020,7,Standard,4,999,15.00%,849
OD1364,C576,P1170,20200717,7/17/2020,1,Prime,1,999,15.00%,849
OD1365,C128,P1171,20210313,3/13/2021,3,Standard,4,1119,15.00%,951
OD1366,C309,P1172,20210423,4/23/2021,1,Prime,3,1119,32.00%,760
OD1367,C766,P1173,20200713,7/13/2020,4,Standard,2,1119,25.00%,839
OD1368,C526,P1174,20210808,8/8/2021,8,Standard,4,1119,45.00%,615
OD1369,C868,P1175,20200119,1/19/2020,0,Same Day,1,985,15.00%,837
OD1370,C715,P1176,20191108,11/8/2019,4,Standard,3,985,33.00%,659
OD1371,C969,P1177,20191214,12/14/2019,8,Standard,2,985,42.00%,571
OD1372,C186,P1178,20201124,11/24/2020,0,Same Day,1,985,42.00%,571
OD1373,C475,P1179,20200522,5/22/2020,8,Standard,3,985,39.00%,600
OD1374,C976,P1180,20210506,5/6/2021,7,Standard,1,369,39.00%,225
OD1375,C437,P1181,20210223,2/23/2021,3,Standard,3,399,39.00%,243
OD1376,C75,P1182,20200223,2/23/2020,9,Standard,2,399,39.00%,243
OD1377,C756,P1183,20190504,5/4/2019,4,Standard,2,399,30.00%,279
OD1378,C561,P1184,20200319,3/19/2020,4,Standard,1,399,30.00%,279
OD1379,C61,P1185,20180723,7/23/2018,5,Standard,3,555,30.00%,388
OD1380,C589,P1186,20180917,9/17/2018,6,Standard,4,555,25.00%,416
OD1381,C443,P1187,20200731,7/31/2020,7,Standard,2,555,25.00%,416
OD1382,C111,P1188,20200306,3/6/2020,7,Standard,4,555,30.00%,388
OD1383,C36,P1189,20190126,1/26/2019,1,Prime,4,675,30.00%,472
OD1384,C163,P1190,20210510,5/10/2021,8,Standard,1,675,30.00%,472
OD1385,C364,P1191,20210119,1/19/2021,6,Standard,1,675,40.00%,405
OD1386,C690,P1192,20211231,12/31/2021,3,Standard,1,654,40.00%,392
OD1387,C950,P1192,20211117,11/17/2021,3,Standard,3,654,40.00%,392
OD1388,C36,P1192,20200913,9/13/2020,7,Standard,2,654,40.00%,392
OD1389,C483,P1192,20210426,4/26/2021,3,Standard,2,654,40.00%,392
OD1390,C343,P1192,20210921,9/21/2021,5,Standard,4,356,40.00%,213
OD1391,C971,P1192,20190701,7/1/2019,4,Standard,1,686,45.00%,377
OD1392,C597,P1192,20210818,8/18/2021,2,Standard,3,456,45.00%,250
OD1393,C36,P1192,20211211,12/11/2021,9,Standard,2,516,45.00%,283
OD1394,C342,P1192,20180115,1/15/2018,1,Prime,3,355,47.00%,188
OD1395,C423,P1193,20200715,7/15/2020,8,Standard,1,465,47.00%,246
OD1396,C512,P1194,20180708,7/8/2018,9,Standard,1,965,46.00%,521
OD1397,C574,P1195,20190105,1/5/2019,8,Standard,2,1158,46.00%,625
OD1398,C579,P1196,20200908,9/8/2020,0,Same Day,4,264,46.00%,142
OD1399,C177,P1197,20180103,1/3/2018,9,Standard,4,433,30.00%,303
OD1400,C858,P1198,20181007,10/7/2018,2,Standard,1,562,30.00%,393
OD1401,C710,P1199,20200301,3/1/2020,7,Standard,1,423,30.00%,296
OD1402,C24,P1200,20180923,9/23/2018,5,Standard,4,621,30.00%,434
OD1403,C675,P1201,20210811,8/11/2021,4,Standard,1,333,30.00%,233
OD1404,C500,P1202,20201130,11/30/2020,4,Standard,2,236,35.00%,153
OD1405,C365,P1203,20210530,5/30/2021,5,Standard,2,456,35.00%,296
OD1406,C06,P1204,20180426,4/26/2018,6,Standard,3,963,35.00%,625
OD1407,C447,P1205,20210129,1/29/2021,0,Same Day,4,234,35.00%,152
OD1408,C979,P1206,20191102,11/2/2019,8,Standard,1,456,35.00%,296
OD1409,C523,P1207,20190803,8/3/2019,2,Standard,3,564,35.00%,366
OD1410,C709,P1208,20180216,2/16/2018,3,Standard,2,634,40.00%,380
OD1411,C444,P1209,20210510,5/10/2021,9,Standard,4,236,40.00%,141
OD1412,C411,P1210,20200115,1/15/2020,0,Same Day,2,444,15.00%,377
OD1413,C506,P1211,20200613,6/13/2020,9,Standard,1,456,15.00%,387
OD1414,C615,P1212,20201020,10/20/2020,2,Standard,3,963,15.00%,818
OD1415,C933,P1213,20181112,11/12/2018,1,Prime,1,456,35.00%,296
OD1416,C581,P1214,20200325,3/25/2020,1,Prime,1,1189,35.00%,772
OD1417,C449,P1215,20180918,9/18/2018,0,Same Day,4,1298,35.00%,843
OD1418,C828,P1216,20201004,10/4/2020,7,Standard,4,1456,35.00%,946
OD1419,C975,P1217,20180322,3/22/2018,2,Standard,1,1478,55.00%,665
OD1420,C09,P1218,20201201,12/1/2020,2,Standard,4,256,55.00%,115
OD1421,C920,P1219,20210909,9/9/2021,5,Standard,3,2698,55.00%,1214
OD1422,C922,P1220,20191116,11/16/2019,7,Standard,3,2364,55.00%,1063
OD1423,C603,P1221,20200831,8/31/2020,8,Standard,1,1236,50.00%,618
OD1424,C14,P1222,20200404,4/4/2020,8,Standard,3,756,50.00%,378
OD1425,C826,P1223,20180801,8/1/2018,3,Standard,1,326,50.00%,163
OD1426,C507,P1224,20210824,8/24/2021,4,Standard,3,453,50.00%,226
OD1427,C629,P1225,20201106,11/6/2020,1,Prime,2,326,50.00%,163
OD1428,C389,P1226,20200913,9/13/2020,8,Standard,1,456,30.00%,319
OD1429,C282,P1227,20210104,1/4/2021,7,Standard,3,675,32.00%,459
OD1430,C838,P1228,20180109,1/9/2018,2,Standard,2,654,25.00%,490
OD1431,C289,P1229,20200418,4/18/2020,8,Standard,1,654,45.00%,359
OD1432,C617,P1230,20190710,7/10/2019,2,Standard,3,654,15.00%,555
OD1433,C711,P1231,20210712,7/12/2021,8,Standard,3,654,33.00%,438
OD1434,C357,P1232,20180831,8/31/2018,1,Prime,2,356,42.00%,206
OD1435,C55,P1233,20191029,10/29/2019,9,Standard,4,686,42.00%,397
OD1436,C946,P1234,20200612,6/12/2020,8,Standard,4,456,39.00%,278
OD1437,C910,P1235,20210909,9/9/2021,7,Standard,2,516,39.00%,314
OD1438,C371,P1236,20180607,6/7/2018,8,Standard,2,355,39.00%,216
OD1439,C650,P1237,20190214,2/14/2019,4,Standard,1,465,39.00%,283
OD1440,C613,P1238,20181022,10/22/2018,1,Prime,4,965,37.00%,607
OD1441,C17,P1239,20200505,5/5/2020,7,Standard,1,1158,37.00%,729
OD1442,C950,P1240,20200613,6/13/2020,5,Standard,3,264,37.00%,166
OD1443,C324,P1241,20210509,5/9/2021,7,Standard,2,433,37.00%,272
OD1444,C282,P1242,20200306,3/6/2020,4,Standard,1,562,37.00%,354
OD1445,C503,P1243,20200104,1/4/2020,9,Standard,2,423,40.00%,253
OD1446,C747,P1244,20180903,9/3/2018,1,Prime,1,621,40.00%,372
OD1447,C433,P1245,20190329,3/29/2019,5,Standard,3,333,40.00%,199
OD1448,C893,P1246,20200201,2/1/2020,4,Standard,3,236,40.00%,141
OD1449,C457,P1247,20180529,5/29/2018,4,Standard,4,456,40.00%,273
OD1450,C844,P1248,20181209,12/9/2018,0,Same Day,4,963,34.00%,635
OD1451,C238,P1249,20191214,12/14/2019,1,Prime,3,234,34.00%,154
OD1452,C147,P1250,20180606,6/6/2018,7,Standard,1,456,34.00%,300
OD1453,C177,P1251,20180413,4/13/2018,2,Standard,2,564,34.00%,372
OD1454,C604,P1252,20200904,9/4/2020,9,Standard,3,634,34.00%,418
OD1455,C591,P1253,20210704,7/4/2021,2,Standard,3,236,38.00%,146
OD1456,C866,P1254,20191027,10/27/2019,7,Standard,1,444,38.00%,275
OD1457,C519,P1255,20200817,8/17/2020,7,Standard,3,456,38.00%,282
OD1458,C331,P1255,20190825,8/25/2019,1,Prime,3,963,38.00%,597
OD1459,C592,P1255,20200319,3/19/2020,7,Standard,1,456,38.00%,282
OD1460,C249,P1255,20200312,3/12/2020,0,Same Day,3,1189,21.00%,939
OD1461,C970,P1255,20210724,7/24/2021,5,Standard,4,1298,21.00%,1025
OD1462,C77,P1255,20211025,10/25/2021,7,Standard,4,1456,21.00%,1150
OD1463,C01,P1255,20190814,8/14/2019,2,Standard,4,1478,21.00%,1167
OD1464,C775,P1255,20210331,3/31/2021,7,Standard,4,256,21.00%,202
OD1465,C300,P1256,20181207,12/7/2018,0,Same Day,3,2698,22.00%,2104
OD1466,C741,P1257,20201111,11/11/2020,8,Standard,2,2364,22.00%,1843
OD1467,C596,P1258,20210106,1/6/2021,8,Standard,4,1236,22.00%,964
OD1468,C527,P1259,20210624,6/24/2021,4,Standard,4,756,22.00%,589
OD1469,C302,P1260,20200715,7/15/2020,9,Standard,3,326,22.00%,254
OD1470,C71,P1261,20200817,8/17/2020,3,Standard,3,453,22.00%,353
OD1471,C534,P1262,20211015,10/15/2021,5,Standard,1,326,30.00%,228
OD1472,C609,P1263,20191018,10/18/2019,6,Standard,4,456,30.00%,319
OD1473,C942,P1264,20181219,12/19/2018,4,Standard,1,675,30.00%,472
OD1474,C545,P1265,20180629,6/29/2018,9,Standard,4,654,30.00%,457
OD1475,C499,P1266,20181221,12/21/2018,8,Standard,2,654,30.00%,457
OD1476,C885,P1267,20200731,7/31/2020,2,Standard,3,654,30.00%,457
OD1477,C134,P1268,20190707,7/7/2019,6,Standard,3,654,14.00%,562
OD1478,C598,P1269,20190922,9/22/2019,9,Standard,1,356,14.00%,306
OD1479,C216,P1270,20180510,5/10/2018,9,Standard,1,686,14.00%,589
OD1480,C424,P1270,20210716,7/16/2021,4,Standard,3,456,14.00%,392
OD1481,C243,P1270,20180218,2/18/2018,6,Standard,3,516,12.00%,454
OD1482,C405,P1270,20210713,7/13/2021,1,Prime,3,355,12.00%,312
OD1483,C80,P1270,20190803,8/3/2019,3,Standard,4,465,12.00%,409
OD1484,C898,P1270,20210402,4/2/2021,1,Prime,4,965,12.00%,849
OD1485,C275,P1271,20191228,12/28/2019,6,Standard,2,1158,12.00%,1019
OD1486,C843,P1272,20190423,4/23/2019,1,Prime,4,264,12.00%,232
OD1487,C843,P1273,20180902,9/2/2018,0,Same Day,3,433,34.00%,285
OD1488,C915,P1274,20180228,2/28/2018,8,Standard,4,562,34.00%,370
OD1489,C798,P1275,20210417,4/17/2021,0,Same Day,1,423,34.00%,279
OD1490,C938,P1276,20180303,3/3/2018,7,Standard,3,621,34.00%,409
OD1491,C687,P1277,20190408,4/8/2019,1,Prime,4,333,34.00%,219
OD1492,C283,P1278,20210207,2/7/2021,7,Standard,3,236,34.00%,155
OD1493,C920,P1279,20190417,4/17/2019,2,Standard,1,456,44.00%,255
OD1494,C170,P1280,20190409,4/9/2019,5,Standard,1,963,44.00%,539
OD1495,C498,P1281,20200811,8/11/2020,2,Standard,4,234,44.00%,131
OD1496,C667,P1282,20180825,8/25/2018,6,Standard,3,456,44.00%,255
OD1497,C626,P1283,20180420,4/20/2018,9,Standard,2,564,44.00%,315
OD1498,C312,P1284,20200302,3/2/2020,8,Standard,1,634,10.00%,570
OD1499,C748,P1285,20200425,4/25/2020,1,Prime,2,236,10.00%,212
OD1500,C929,P1286,20180426,4/26/2018,4,Standard,4,444,10.00%,399
OD1501,C975,P1287,20200429,4/29/2020,5,Standard,1,456,30.00%,319
OD1502,C496,P1288,20210616,6/16/2021,3,Standard,2,963,30.00%,674
OD1503,C280,P1289,20190812,8/12/2019,3,Standard,1,456,30.00%,319
OD1504,C265,P1290,20201117,11/17/2020,3,Standard,2,1189,25.00%,891
OD1505,C355,P1291,20190712,7/12/2019,1,Prime,3,1298,25.00%,973
OD1506,C758,P1292,20191004,10/4/2019,3,Standard,3,1456,30.00%,1019
OD1507,C681,P1293,20201202,12/2/2020,0,Same Day,4,1478,30.00%,1034
OD1508,C434,P1294,20200514,5/14/2020,5,Standard,1,256,30.00%,179
OD1509,C833,P1295,20200408,4/8/2020,0,Same Day,2,2698,40.00%,1618
OD1510,C435,P1296,20190516,5/16/2019,9,Standard,4,2364,40.00%,1418
OD1511,C786,P1297,20200413,4/13/2020,5,Standard,3,1236,40.00%,741
OD1512,C335,P1298,20200123,1/23/2020,0,Same Day,3,756,40.00%,453
OD1513,C835,P1299,20181126,11/26/2018,5,Standard,4,326,40.00%,195
OD1514,C912,P1300,20211204,12/4/2021,9,Standard,1,453,40.00%,271
OD1515,C491,P1301,20200518,5/18/2020,7,Standard,2,326,45.00%,179
OD1516,C607,P1302,20210214,2/14/2021,1,Prime,3,456,45.00%,250
OD1517,C746,P1303,20200615,6/15/2020,1,Prime,4,456,45.00%,250
OD1518,C497,P1304,20190814,8/14/2019,3,Standard,3,456,47.00%,241
OD1519,C843,P1305,20210304,3/4/2021,2,Standard,3,456,47.00%,241
OD1520,C143,P1306,20210506,5/6/2021,3,Standard,2,236,46.00%,127
OD1521,C840,P1307,20200306,3/6/2020,6,Standard,1,996,46.00%,537
OD1522,C518,P1308,20211201,12/1/2021,0,Same Day,1,654,46.00%,353
OD1523,C452,P1309,20211230,12/30/2021,5,Standard,2,456,30.00%,319
OD1524,C223,P1310,20200721,7/21/2020,2,Standard,4,785,30.00%,549
OD1525,C803,P1311,20190809,8/9/2019,9,Standard,4,365,30.00%,255
OD1526,C893,P1312,20191227,12/27/2019,6,Standard,1,965,30.00%,675
OD1527,C773,P1313,20210808,8/8/2021,9,Standard,3,444,30.00%,310
OD1528,C997,P1314,20190730,7/30/2019,1,Prime,3,569,35.00%,369
OD1529,C784,P1315,20180827,8/27/2018,1,Prime,4,475,35.00%,308
OD1530,C272,P1316,20200203,2/3/2020,3,Standard,2,598,35.00%,388
OD1531,C297,P1317,20191210,12/10/2019,0,Same Day,3,536,35.00%,348
OD1532,C707,P1318,20180509,5/9/2018,2,Standard,4,256,35.00%,166
OD1533,C958,P1319,20190312,3/12/2019,8,Standard,2,456,35.00%,296
OD1534,C794,P1320,20191113,11/13/2019,6,Standard,1,456,40.00%,273
OD1535,C400,P1321,20180813,8/13/2018,6,Standard,2,745,40.00%,447
OD1536,C358,P1322,20190312,3/12/2019,3,Standard,1,356,15.00%,302
OD1537,C523,P1323,20210517,5/17/2021,1,Prime,4,1189,15.00%,1010
OD1538,C306,P1324,20210606,6/6/2021,3,Standard,2,426,15.00%,362
OD1539,C81,P1325,20190526,5/26/2019,5,Standard,4,1126,35.00%,731
OD1540,C945,P1326,20200331,3/31/2020,2,Standard,1,1145,35.00%,744
OD1541,C450,P1327,20200720,7/20/2020,0,Same Day,3,1235,35.00%,802
OD1542,C163,P1328,20180803,8/3/2018,7,Standard,3,1564,35.00%,1016
OD1543,C904,P1329,20201230,12/30/2020,4,Standard,1,654,55.00%,294
OD1544,C437,P1330,20201006,10/6/2020,4,Standard,3,854,55.00%,384
OD1545,C770,P1331,20210613,6/13/2021,3,Standard,3,475,55.00%,213
OD1546,C319,P1332,20210808,8/8/2021,5,Standard,2,349,55.00%,157
OD1547,C299,P1333,20191120,11/20/2019,2,Standard,2,350,50.00%,175
OD1548,C829,P1334,20211104,11/4/2021,8,Standard,3,351,50.00%,175
OD1549,C413,P1335,20190323,3/23/2019,4,Standard,2,352,50.00%,176
OD1550,C978,P1336,20180302,3/2/2018,2,Standard,1,353,50.00%,176
OD1551,C163,P1337,20180425,4/25/2018,0,Same Day,2,354,50.00%,177
OD1552,C315,P1338,20200306,3/6/2020,9,Standard,2,355,30.00%,248
OD1553,C301,P1339,20210926,9/26/2021,5,Standard,2,356,32.00%,242
OD1554,C478,P1340,20180924,9/24/2018,1,Prime,4,999,25.00%,749
OD1555,C543,P1341,20181121,11/21/2018,2,Standard,1,555,45.00%,305
OD1556,C784,P1342,20180531,5/31/2018,0,Same Day,3,555,15.00%,471
OD1557,C709,P1343,20190808,8/8/2019,8,Standard,3,555,33.00%,371
OD1558,C35,P1344,20180118,1/18/2018,7,Standard,4,555,42.00%,321
OD1559,C925,P1345,20180926,9/26/2018,1,Prime,2,1025,42.00%,594
OD1560,C969,P1346,20190105,1/5/2019,7,Standard,1,1025,39.00%,625
OD1561,C892,P1347,20210831,8/31/2021,8,Standard,1,1025,39.00%,625
OD1562,C361,P1348,20200509,5/9/2020,0,Same Day,3,555,39.00%,338
OD1563,C55,P1349,20201030,10/30/2020,4,Standard,4,599,39.00%,365
OD1564,C814,P1350,20201025,10/25/2020,7,Standard,4,555,30.00%,388
OD1565,C971,P1351,20190417,4/17/2019,1,Prime,4,555,30.00%,388
OD1566,C17,P1352,20210207,2/7/2021,3,Standard,4,565,30.00%,395
OD1567,C800,P1353,20190810,8/10/2019,6,Standard,1,555,25.00%,416
OD1568,C28,P1354,20201126,11/26/2020,2,Standard,2,999,25.00%,749
OD1569,C79,P1355,20180110,1/10/2018,4,Standard,3,999,30.00%,699
OD1570,C314,P1356,20181106,11/6/2018,7,Standard,1,999,30.00%,699
OD1571,C592,P1357,20200125,1/25/2020,9,Standard,4,999,30.00%,699
OD1572,C720,P1358,20191002,10/2/2019,2,Standard,4,1119,40.00%,671
OD1573,C678,P1359,20200901,9/1/2020,3,Standard,3,1119,40.00%,671
OD1574,C221,P1360,20190517,5/17/2019,8,Standard,2,1119,40.00%,671
OD1575,C144,P1361,20180112,1/12/2018,6,Standard,2,1119,40.00%,671
OD1576,C557,P1362,20211126,11/26/2021,0,Same Day,2,985,40.00%,591
OD1577,C56,P1363,20180620,6/20/2018,3,Standard,4,985,40.00%,591
OD1578,C947,P1364,20191121,11/21/2019,3,Standard,1,985,45.00%,541
OD1579,C950,P1365,20200919,9/19/2020,8,Standard,1,985,45.00%,541
OD1580,C801,P1366,20180708,7/8/2018,5,Standard,2,985,45.00%,541
OD1581,C747,P1367,20190613,6/13/2019,8,Standard,3,369,47.00%,195
OD1582,C44,P1368,20210520,5/20/2021,5,Standard,2,399,47.00%,211
OD1583,C110,P1369,20211202,12/2/2021,5,Standard,2,399,46.00%,215
OD1584,C178,P1369,20181102,11/2/2018,4,Standard,3,399,46.00%,215
OD1585,C398,P1369,20200427,4/27/2020,4,Standard,2,399,46.00%,215
OD1586,C252,P1369,20210828,8/28/2021,1,Prime,3,555,30.00%,388
OD1587,C644,P1369,20181104,11/4/2018,7,Standard,3,555,30.00%,388
OD1588,C948,P1370,20200517,5/17/2020,7,Standard,1,555,30.00%,388
OD1589,C585,P1371,20181227,12/27/2018,0,Same Day,3,555,30.00%,388
OD1590,C301,P1372,20190616,6/16/2019,7,Standard,2,675,30.00%,472
OD1591,C72,P1373,20210412,4/12/2021,4,Standard,3,675,35.00%,438
OD1592,C42,P1374,20190611,6/11/2019,1,Prime,2,675,35.00%,438
OD1593,C433,P1375,20180202,2/2/2018,1,Prime,3,654,35.00%,425
OD1594,C711,P1376,20200111,1/11/2020,5,Standard,1,654,35.00%,425
OD1595,C246,P1377,20211231,12/31/2021,8,Standard,2,654,35.00%,425
OD1596,C408,P1378,20181010,10/10/2018,0,Same Day,2,654,35.00%,425
OD1597,C307,P1379,20190903,9/3/2019,5,Standard,2,356,40.00%,213
OD1598,C578,P1380,20191105,11/5/2019,8,Standard,3,686,40.00%,411
OD1599,C809,P1381,20211204,12/4/2021,7,Standard,1,456,15.00%,387
OD1600,C949,P1382,20210310,3/10/2021,5,Standard,1,516,15.00%,438
OD1601,C639,P1383,20190728,7/28/2019,2,Standard,1,355,15.00%,301
OD1602,C150,P1384,20201204,12/4/2020,7,Standard,1,465,45.00%,255
OD1603,C516,P1385,20200227,2/27/2020,8,Standard,3,965,47.00%,511
OD1604,C411,P1386,20180711,7/11/2018,0,Same Day,2,1158,47.00%,613
OD1605,C973,P1387,20181022,10/22/2018,8,Standard,4,264,46.00%,142
OD1606,C614,P1388,20200903,9/3/2020,5,Standard,1,433,46.00%,233
OD1607,C285,P1389,20201123,11/23/2020,5,Standard,4,562,46.00%,303
OD1608,C466,P1390,20210625,6/25/2021,3,Standard,3,423,30.00%,296
OD1609,C518,P1391,20180120,1/20/2018,0,Same Day,3,621,30.00%,434
OD1610,C486,P1392,20181206,12/6/2018,9,Standard,4,333,30.00%,233
OD1611,C91,P1393,20190123,1/23/2019,7,Standard,2,236,30.00%,165
OD1612,C295,P1394,20181229,12/29/2018,1,Prime,4,456,30.00%,319
OD1613,C509,P1395,20210202,2/2/2021,0,Same Day,3,963,35.00%,625
OD1614,C108,P1396,20190306,3/6/2019,1,Prime,4,234,35.00%,152
OD1615,C854,P1397,20210226,2/26/2021,0,Same Day,1,456,35.00%,296
OD1616,C870,P1398,20180802,8/2/2018,0,Same Day,1,564,35.00%,366
OD1617,C992,P1399,20190924,9/24/2019,8,Standard,2,634,35.00%,412
OD1618,C572,P1400,20180611,6/11/2018,0,Same Day,4,236,35.00%,153
OD1619,C365,P1401,20190823,8/23/2019,3,Standard,4,444,40.00%,266
OD1620,C420,P1402,20200621,6/21/2020,9,Standard,4,456,40.00%,273
OD1621,C810,P1403,20190103,1/3/2019,5,Standard,4,963,15.00%,818
OD1622,C62,P1404,20180330,3/30/2018,6,Standard,2,456,15.00%,387
OD1623,C792,P1405,20190408,4/8/2019,1,Prime,3,1189,15.00%,1010
OD1624,C572,P1406,20180115,1/15/2018,5,Standard,2,1298,35.00%,843
OD1625,C581,P1407,20190609,6/9/2019,6,Standard,3,1456,35.00%,946
OD1626,C192,P1408,20181128,11/28/2018,9,Standard,3,1478,35.00%,960
OD1627,C696,P1409,20211107,11/7/2021,9,Standard,3,256,35.00%,166
OD1628,C573,P1410,20201114,11/14/2020,1,Prime,4,2698,55.00%,1214
OD1629,C576,P1411,20200630,6/30/2020,1,Prime,2,2364,55.00%,1063
OD1630,C864,P1412,20200709,7/9/2020,9,Standard,3,1236,55.00%,556
OD1631,C546,P1413,20181026,10/26/2018,6,Standard,1,756,55.00%,340
OD1632,C676,P1414,20190604,6/4/2019,0,Same Day,3,326,50.00%,163
OD1633,C341,P1415,20200530,5/30/2020,7,Standard,2,453,50.00%,226
OD1634,C50,P1416,20181125,11/25/2018,2,Standard,4,326,50.00%,163
OD1635,C794,P1417,20210126,1/26/2021,5,Standard,1,456,50.00%,228
OD1636,C985,P1418,20181029,10/29/2018,8,Standard,3,675,50.00%,337
OD1637,C812,P1419,20211203,12/3/2021,5,Standard,4,654,30.00%,457
OD1638,C669,P1420,20180622,6/22/2018,8,Standard,2,654,32.00%,444
OD1639,C767,P1420,20191029,10/29/2019,6,Standard,2,654,25.00%,490
OD1640,C482,P1420,20190622,6/22/2019,8,Standard,1,654,45.00%,359
OD1641,C585,P1420,20201009,10/9/2020,1,Prime,1,356,15.00%,302
OD1642,C909,P1420,20191006,10/6/2019,7,Standard,3,686,33.00%,459
OD1643,C470,P1420,20201015,10/15/2020,7,Standard,4,456,42.00%,264
OD1644,C813,P1420,20200412,4/12/2020,1,Prime,4,516,42.00%,299
OD1645,C563,P1421,20180519,5/19/2018,3,Standard,2,355,39.00%,216
OD1646,C161,P1422,20200222,2/22/2020,6,Standard,2,465,39.00%,283
OD1647,C974,P1423,20191024,10/24/2019,3,Standard,3,965,39.00%,588
OD1648,C881,P1424,20181002,10/2/2018,3,Standard,3,1158,39.00%,706
OD1649,C624,P1425,20181111,11/11/2018,5,Standard,2,264,30.00%,184
OD1650,C687,P1426,20180923,9/23/2018,9,Standard,2,433,30.00%,303
OD1651,C601,P1427,20200425,4/25/2020,5,Standard,4,562,30.00%,393
OD1652,C762,P1428,20210520,5/20/2021,9,Standard,4,423,25.00%,317
OD1653,C890,P1429,20201207,12/7/2020,2,Standard,4,621,25.00%,465
OD1654,C275,P1430,20180511,5/11/2018,8,Standard,3,333,30.00%,233
OD1655,C433,P1431,20200603,6/3/2020,9,Standard,4,236,30.00%,165
OD1656,C865,P1432,20210417,4/17/2021,1,Prime,1,456,30.00%,319
OD1657,C230,P1433,20190905,9/5/2019,5,Standard,1,963,40.00%,577
OD1658,C963,P1434,20190402,4/2/2019,6,Standard,4,234,40.00%,140
OD1659,C312,P1435,20190815,8/15/2019,8,Standard,4,456,40.00%,273
OD1660,C84,P1436,20200112,1/12/2020,2,Standard,2,564,40.00%,338
OD1661,C194,P1437,20200307,3/7/2020,9,Standard,2,634,40.00%,380
OD1662,C376,P1438,20190108,1/8/2019,2,Standard,3,236,40.00%,141
OD1663,C126,P1439,20211213,12/13/2021,6,Standard,1,444,45.00%,244
OD1664,C860,P1440,20200902,9/2/2020,3,Standard,1,456,45.00%,250
OD1665,C469,P1441,20181225,12/25/2018,7,Standard,3,963,45.00%,529
OD1666,C474,P1442,20210105,1/5/2021,6,Standard,4,456,47.00%,241
OD1667,C497,P1443,20200817,8/17/2020,4,Standard,4,1189,47.00%,630
OD1668,C885,P1444,20190515,5/15/2019,6,Standard,3,1298,46.00%,700
OD1669,C311,P1445,20201215,12/15/2020,2,Standard,1,1456,46.00%,786
OD1670,C268,P1446,20181009,10/9/2018,1,Prime,1,1478,46.00%,798
OD1671,C925,P1447,20210427,4/27/2021,5,Standard,4,256,30.00%,179
OD1672,C82,P1448,20180806,8/6/2018,1,Prime,2,2698,30.00%,1888
OD1673,C889,P1449,20210420,4/20/2021,2,Standard,3,2364,30.00%,1654
OD1674,C992,P1450,20211030,10/30/2021,5,Standard,3,1236,30.00%,865
OD1675,C824,P1451,20181010,10/10/2018,4,Standard,4,756,30.00%,529
OD1676,C174,P1452,20200325,3/25/2020,7,Standard,3,326,35.00%,211
OD1677,C171,P1453,20190810,8/10/2019,8,Standard,1,453,35.00%,294
OD1678,C758,P1454,20190416,4/16/2019,2,Standard,4,326,35.00%,211
OD1679,C396,P1455,20201009,10/9/2020,9,Standard,1,456,35.00%,296
OD1680,C639,P1456,20180930,9/30/2018,2,Standard,2,675,35.00%,438
OD1681,C395,P1457,20210424,4/24/2021,2,Standard,3,654,35.00%,425
OD1682,C319,P1458,20201014,10/14/2020,5,Standard,3,654,40.00%,392
OD1683,C619,P1459,20180725,7/25/2018,0,Same Day,1,654,40.00%,392
OD1684,C98,P1460,20200726,7/26/2020,6,Standard,4,654,15.00%,555
OD1685,C747,P1461,20200717,7/17/2020,0,Same Day,4,356,15.00%,302
OD1686,C373,P1462,20211230,12/30/2021,4,Standard,3,686,15.00%,583
OD1687,C412,P1463,20180314,3/14/2018,9,Standard,1,456,30.00%,319
OD1688,C262,P1464,20180326,3/26/2018,7,Standard,2,516,30.00%,361
OD1689,C235,P1465,20190205,2/5/2019,3,Standard,1,355,30.00%,248
OD1690,C949,P1466,20181103,11/3/2018,4,Standard,4,465,25.00%,348
OD1691,C47,P1467,20211129,11/29/2021,3,Standard,3,965,25.00%,723
OD1692,C279,P1468,20191209,12/9/2019,3,Standard,3,1158,30.00%,810
OD1693,C252,P1469,20200531,5/31/2020,7,Standard,3,264,30.00%,184
OD1694,C756,P1470,20201104,11/4/2020,1,Prime,2,433,30.00%,303
OD1695,C391,P1471,20200322,3/22/2020,0,Same Day,2,562,40.00%,337
OD1696,C777,P1472,20211103,11/3/2021,2,Standard,4,423,40.00%,253
OD1697,C211,P1473,20200923,9/23/2020,8,Standard,1,621,40.00%,372
OD1698,C70,P1474,20200603,6/3/2020,3,Standard,1,333,40.00%,199
OD1699,C588,P1475,20191022,10/22/2019,9,Standard,1,236,40.00%,141
OD1700,C68,P1476,20190104,1/4/2019,4,Standard,2,456,40.00%,273
OD1701,C124,P1477,20210720,7/20/2021,1,Prime,3,963,45.00%,529
OD1702,C278,P1478,20210220,2/20/2021,3,Standard,4,234,45.00%,128
OD1703,C464,P1479,20190621,6/21/2019,1,Prime,4,456,45.00%,250
OD1704,C243,P1480,20190110,1/10/2019,1,Prime,2,564,47.00%,298
OD1705,C122,P1481,20180114,1/14/2018,3,Standard,2,634,47.00%,336
OD1706,C953,P1482,20201207,12/7/2020,5,Standard,3,236,46.00%,127
OD1707,C862,P1483,20190509,5/9/2019,6,Standard,3,444,46.00%,239
OD1708,C950,P1484,20200528,5/28/2020,9,Standard,2,456,46.00%,246
OD1709,C937,P1484,20210201,2/1/2021,2,Standard,4,963,30.00%,674
OD1710,C406,P1484,20181109,11/9/2018,2,Standard,3,456,30.00%,319
OD1711,C962,P1484,20191113,11/13/2019,9,Standard,3,1189,30.00%,832
OD1712,C114,P1484,20180717,7/17/2018,5,Standard,4,1298,30.00%,908
OD1713,C475,P1484,20210303,3/3/2021,2,Standard,3,1456,30.00%,1019
OD1714,C237,P1484,20211208,12/8/2021,1,Prime,4,1478,35.00%,960
OD1715,C386,P1484,20190717,7/17/2019,7,Standard,1,256,35.00%,166
OD1716,C812,P1485,20190622,6/22/2019,4,Standard,3,2698,35.00%,1753
OD1717,C220,P1486,20200205,2/5/2020,0,Same Day,3,2364,35.00%,1536
OD1718,C280,P1487,20191211,12/11/2019,2,Standard,1,1236,35.00%,803
OD1719,C883,P1488,20180414,4/14/2018,9,Standard,4,756,35.00%,491
OD1720,C27,P1489,20190112,1/12/2019,7,Standard,3,326,40.00%,195
OD1721,C226,P1490,20190131,1/31/2019,3,Standard,1,453,40.00%,271
OD1722,C27,P1491,20211023,10/23/2021,6,Standard,4,326,15.00%,277
OD1723,C75,P1492,20200120,1/20/2020,9,Standard,3,456,15.00%,387
OD1724,C71,P1493,20210206,2/6/2021,1,Prime,2,456,15.00%,387
OD1725,C422,P1494,20211206,12/6/2021,6,Standard,1,456,35.00%,296
OD1726,C160,P1495,20191030,10/30/2019,4,Standard,4,456,35.00%,296
OD1727,C581,P1496,20200319,3/19/2020,4,Standard,2,236,35.00%,153
OD1728,C319,P1497,20180520,5/20/2018,5,Standard,4,996,35.00%,647
OD1729,C138,P1498,20201026,10/26/2020,8,Standard,2,654,55.00%,294
OD1730,C513,P1499,20211215,12/15/2021,5,Standard,2,456,55.00%,205
OD1731,C419,P1500,20180113,1/13/2018,7,Standard,1,785,55.00%,353
OD1732,C857,P1501,20190612,6/12/2019,6,Standard,1,365,55.00%,164
OD1733,C427,P1502,20200727,7/27/2020,8,Standard,2,965,50.00%,482
OD1734,C237,P1503,20210520,5/20/2021,3,Standard,1,444,50.00%,222
OD1735,C591,P1504,20200323,3/23/2020,1,Prime,4,569,50.00%,284
OD1736,C536,P1505,20180602,6/2/2018,6,Standard,3,475,50.00%,237
OD1737,C54,P1506,20200708,7/8/2020,5,Standard,4,598,50.00%,299
OD1738,C65,P1507,20210928,9/28/2021,0,Same Day,2,536,30.00%,375
OD1739,C29,P1508,20180317,3/17/2018,8,Standard,4,256,32.00%,174
OD1740,C62,P1509,20201002,10/2/2020,8,Standard,2,456,25.00%,342
OD1741,C159,P1510,20191011,10/11/2019,1,Prime,4,456,45.00%,250
OD1742,C139,P1511,20210628,6/28/2021,2,Standard,4,745,15.00%,633
OD1743,C915,P1512,20180901,9/1/2018,4,Standard,1,356,33.00%,238
OD1744,C647,P1513,20210710,7/10/2021,4,Standard,2,1189,42.00%,689
OD1745,C97,P1514,20200108,1/8/2020,0,Same Day,2,426,42.00%,247
OD1746,C449,P1515,20200619,6/19/2020,7,Standard,3,1126,39.00%,686
OD1747,C582,P1516,20190326,3/26/2019,7,Standard,4,1145,39.00%,698
OD1748,C655,P1517,20181120,11/20/2018,3,Standard,4,1235,39.00%,753
OD1749,C759,P1518,20190731,7/31/2019,6,Standard,3,1564,39.00%,954
OD1750,C425,P1519,20200628,6/28/2020,9,Standard,2,654,37.00%,412
OD1751,C540,P1520,20211204,12/4/2021,2,Standard,4,854,37.00%,538
OD1752,C384,P1521,20180720,7/20/2018,5,Standard,3,475,37.00%,299
OD1753,C378,P1522,20190331,3/31/2019,9,Standard,3,349,37.00%,219
OD1754,C848,P1523,20180403,4/3/2018,9,Standard,3,350,37.00%,220
OD1755,C104,P1523,20190121,1/21/2019,8,Standard,4,351,40.00%,210
OD1756,C799,P1523,20180818,8/18/2018,0,Same Day,2,352,40.00%,211
OD1757,C376,P1523,20201002,10/2/2020,4,Standard,2,353,40.00%,211
OD1758,C888,P1523,20200213,2/13/2020,3,Standard,3,354,40.00%,212
OD1759,C798,P1523,20211109,11/9/2021,7,Standard,3,355,40.00%,213
OD1760,C232,P1523,20180817,8/17/2018,0,Same Day,2,356,34.00%,234
OD1761,C29,P1523,20200527,5/27/2020,8,Standard,3,999,34.00%,659
OD1762,C30,P1523,20181224,12/24/2018,5,Standard,3,555,34.00%,366
OD1763,C824,P1524,20191207,12/7/2019,3,Standard,2,555,34.00%,366
OD1764,C575,P1525,20200310,3/10/2020,8,Standard,4,555,34.00%,366
OD1765,C44,P1526,20181214,12/14/2018,4,Standard,3,555,38.00%,344
OD1766,C104,P1527,20200429,4/29/2020,4,Standard,4,1025,38.00%,635
OD1767,C738,P1528,20191225,12/25/2019,4,Standard,3,1025,38.00%,635
OD1768,C688,P1529,20180713,7/13/2018,0,Same Day,3,1025,38.00%,635
OD1769,C648,P1530,20180303,3/3/2018,0,Same Day,3,555,38.00%,344
OD1770,C83,P1531,20200811,8/11/2020,7,Standard,1,599,21.00%,473
OD1771,C674,P1532,20181230,12/30/2018,7,Standard,4,555,21.00%,438
OD1772,C591,P1533,20190302,3/2/2019,5,Standard,4,555,21.00%,438
OD1773,C972,P1534,20200623,6/23/2020,3,Standard,3,565,21.00%,446
OD1774,C513,P1535,20180917,9/17/2018,1,Prime,2,555,21.00%,438
OD1775,C633,P1536,20191208,12/8/2019,1,Prime,3,999,22.00%,779
OD1776,C938,P1537,20211121,11/21/2021,8,Standard,1,999,22.00%,779
OD1777,C173,P1538,20201011,10/11/2020,4,Standard,3,999,22.00%,779
OD1778,C502,P1539,20181104,11/4/2018,3,Standard,1,999,22.00%,779
OD1779,C313,P1540,20210609,6/9/2021,9,Standard,3,1119,22.00%,872
OD1780,C342,P1541,20190628,6/28/2019,0,Same Day,4,1119,22.00%,872
OD1781,C873,P1542,20210220,2/20/2021,6,Standard,3,1119,30.00%,783
OD1782,C476,P1543,20210622,6/22/2021,2,Standard,4,1119,30.00%,783
OD1783,C175,P1544,20180403,4/3/2018,5,Standard,2,985,30.00%,689
OD1784,C128,P1545,20190902,9/2/2019,4,Standard,2,985,30.00%,689
OD1785,C127,P1546,20180712,7/12/2018,4,Standard,3,985,30.00%,689
OD1786,C224,P1547,20190830,8/30/2019,4,Standard,3,985,30.00%,689
OD1787,C530,P1548,20210116,1/16/2021,0,Same Day,2,985,14.00%,847
OD1788,C13,P1549,20200328,3/28/2020,0,Same Day,1,369,14.00%,317
OD1789,C864,P1550,20211221,12/21/2021,2,Standard,2,399,14.00%,343
OD1790,C161,P1551,20201027,10/27/2020,9,Standard,2,399,14.00%,343
OD1791,C746,P1552,20180702,7/2/2018,3,Standard,1,399,12.00%,351
OD1792,C170,P1553,20180123,1/23/2018,4,Standard,2,399,12.00%,351
OD1793,C710,P1554,20210910,9/10/2021,1,Prime,2,555,12.00%,488
OD1794,C789,P1555,20190217,2/17/2019,7,Standard,1,555,12.00%,488
OD1795,C822,P1556,20200504,5/4/2020,1,Prime,1,555,12.00%,488
OD1796,C351,P1557,20191231,12/31/2019,8,Standard,4,555,12.00%,488
OD1797,C992,P1558,20200101,1/1/2020,1,Prime,3,675,34.00%,445
OD1798,C783,P1559,20210831,8/31/2021,8,Standard,4,675,34.00%,445
OD1799,C525,P1560,20200620,6/20/2020,6,Standard,1,675,34.00%,445
OD1800,C464,P1561,20200614,6/14/2020,7,Standard,2,654,34.00%,431
OD1801,C568,P1562,20190113,1/13/2019,1,Prime,1,654,34.00%,431
OD1802,C459,P1563,20201128,11/28/2020,6,Standard,2,654,34.00%,431
OD1803,C474,P1564,20210209,2/9/2021,5,Standard,4,654,44.00%,366
OD1804,C711,P1565,20201216,12/16/2020,3,Standard,4,356,44.00%,199
OD1805,C739,P1566,20210411,4/11/2021,6,Standard,4,686,44.00%,384
OD1806,C237,P1567,20210928,9/28/2021,3,Standard,2,456,44.00%,255
OD1807,C132,P1568,20180228,2/28/2018,1,Prime,3,516,44.00%,288
OD1808,C324,P1569,20190620,6/20/2019,9,Standard,3,355,10.00%,319
OD1809,C566,P1570,20180523,5/23/2018,6,Standard,3,465,10.00%,418
OD1810,C24,P1571,20190726,7/26/2019,7,Standard,1,965,10.00%,868
OD1811,C971,P1572,20200917,9/17/2020,1,Prime,1,1158,30.00%,810
OD1812,C358,P1573,20191106,11/6/2019,4,Standard,2,264,30.00%,184
OD1813,C932,P1574,20190115,1/15/2019,0,Same Day,1,433,30.00%,303
OD1814,C81,P1575,20200601,6/1/2020,6,Standard,2,562,25.00%,421
OD1815,C407,P1576,20201231,12/31/2020,7,Standard,4,423,25.00%,317
OD1816,C522,P1577,20190502,5/2/2019,5,Standard,2,621,30.00%,434
OD1817,C760,P1578,20210526,5/26/2021,4,Standard,1,333,30.00%,233
OD1818,C21,P1579,20180719,7/19/2018,5,Standard,4,236,30.00%,165
OD1819,C760,P1580,20180109,1/9/2018,1,Prime,4,456,40.00%,273
OD1820,C152,P1581,20211107,11/7/2021,0,Same Day,2,963,40.00%,577
OD1821,C830,P1582,20210122,1/22/2021,6,Standard,3,234,40.00%,140
OD1822,C61,P1583,20190528,5/28/2019,6,Standard,1,456,40.00%,273
OD1823,C642,P1584,20210729,7/29/2021,9,Standard,1,564,40.00%,338
OD1824,C998,P1585,20180630,6/30/2018,9,Standard,3,634,40.00%,380
OD1825,C862,P1586,20180127,1/27/2018,1,Prime,1,236,45.00%,129
OD1826,C932,P1587,20210924,9/24/2021,1,Prime,3,444,45.00%,244
OD1827,C391,P1588,20201001,10/1/2020,0,Same Day,3,456,45.00%,250
OD1828,C756,P1589,20200906,9/6/2020,9,Standard,4,963,47.00%,510
OD1829,C567,P1590,20201105,11/5/2020,7,Standard,4,456,47.00%,241
OD1830,C69,P1591,20201104,11/4/2020,7,Standard,2,1189,46.00%,642
OD1831,C693,P1592,20180923,9/23/2018,0,Same Day,4,1298,46.00%,700
OD1832,C93,P1593,20181022,10/22/2018,7,Standard,3,1456,46.00%,786
OD1833,C723,P1594,20180329,3/29/2018,8,Standard,2,1478,30.00%,1034
OD1834,C79,P1595,20200615,6/15/2020,3,Standard,1,256,30.00%,179
OD1835,C555,P1596,20180501,5/1/2018,0,Same Day,3,2698,30.00%,1888
OD1836,C999,P1597,20211216,12/16/2021,0,Same Day,2,2364,30.00%,1654
OD1837,C645,P1598,20180511,5/11/2018,2,Standard,4,1236,30.00%,865
OD1838,C122,P1599,20211026,10/26/2021,4,Standard,3,756,35.00%,491
OD1839,C59,P1600,20201203,12/3/2020,4,Standard,2,326,35.00%,211
OD1840,C924,P1601,20211122,11/22/2021,8,Standard,1,453,35.00%,294
OD1841,C823,P1602,20201212,12/12/2020,9,Standard,3,326,35.00%,211
OD1842,C476,P1603,20200512,5/12/2020,1,Prime,3,456,35.00%,296
OD1843,C699,P1604,20180703,7/3/2018,1,Prime,2,675,35.00%,438
OD1844,C505,P1605,20190626,6/26/2019,5,Standard,2,654,40.00%,392
OD1845,C286,P1606,20190119,1/19/2019,8,Standard,4,654,40.00%,392
OD1846,C651,P1607,20210717,7/17/2021,0,Same Day,4,654,15.00%,555
OD1847,C889,P1608,20181009,10/9/2018,8,Standard,3,654,15.00%,555
OD1848,C644,P1609,20200129,1/29/2020,8,Standard,1,356,15.00%,302
OD1849,C709,P1610,20201031,10/31/2020,8,Standard,4,686,35.00%,445
OD1850,C162,P1611,20200408,4/8/2020,4,Standard,1,456,35.00%,296
OD1851,C536,P1612,20190917,9/17/2019,8,Standard,2,516,35.00%,335
OD1852,C444,P1613,20190314,3/14/2019,3,Standard,2,355,35.00%,230
OD1853,C847,P1614,20180930,9/30/2018,1,Prime,4,465,55.00%,209
OD1854,C30,P1615,20190224,2/24/2019,5,Standard,3,965,55.00%,434
OD1855,C344,P1616,20211102,11/2/2021,3,Standard,2,1158,55.00%,521
OD1856,C458,P1617,20211128,11/28/2021,5,Standard,1,264,55.00%,118
OD1857,C241,P1618,20201215,12/15/2020,2,Standard,3,433,50.00%,216
OD1858,C148,P1619,20210301,3/1/2021,5,Standard,4,562,50.00%,281
OD1859,C299,P1620,20211215,12/15/2021,1,Prime,2,423,50.00%,211
OD1860,C663,P1621,20180107,1/7/2018,1,Prime,4,621,50.00%,310
OD1861,C404,P1622,20200331,3/31/2020,8,Standard,3,333,50.00%,166
OD1862,C38,P1623,20190130,1/30/2019,6,Standard,3,236,30.00%,165
OD1863,C509,P1623,20181212,12/12/2018,2,Standard,3,456,32.00%,310
OD1864,C272,P1623,20190413,4/13/2019,0,Same Day,1,963,25.00%,722
OD1865,C587,P1623,20180713,7/13/2018,7,Standard,3,234,45.00%,128
OD1866,C708,P1623,20191112,11/12/2019,5,Standard,3,456,15.00%,387
OD1867,C552,P1624,20200622,6/22/2020,6,Standard,2,564,33.00%,377
OD1868,C35,P1625,20180801,8/1/2018,8,Standard,1,634,42.00%,367
OD1869,C957,P1626,20181108,11/8/2018,4,Standard,1,236,42.00%,136
OD1870,C688,P1627,20180315,3/15/2018,0,Same Day,4,444,39.00%,270
OD1871,C960,P1628,20211223,12/23/2021,9,Standard,3,456,39.00%,278
OD1872,C172,P1629,20180605,6/5/2018,6,Standard,2,963,39.00%,587
OD1873,C755,P1630,20181023,10/23/2018,4,Standard,4,456,39.00%,278
OD1874,C431,P1631,20190904,9/4/2019,2,Standard,3,1189,30.00%,832
OD1875,C737,P1632,20200625,6/25/2020,8,Standard,1,1298,30.00%,908
OD1876,C808,P1633,20190319,3/19/2019,0,Same Day,3,1456,30.00%,1019
OD1877,C139,P1634,20180514,5/14/2018,0,Same Day,3,1478,25.00%,1108
OD1878,C342,P1635,20190509,5/9/2019,0,Same Day,2,256,25.00%,192
OD1879,C513,P1636,20180321,3/21/2018,2,Standard,2,2698,30.00%,1888
OD1880,C925,P1637,20200620,6/20/2020,5,Standard,2,2364,30.00%,1654
OD1881,C170,P1638,20210909,9/9/2021,9,Standard,4,1236,30.00%,865
OD1882,C754,P1639,20180515,5/15/2018,2,Standard,2,756,40.00%,453
OD1883,C578,P1640,20210912,9/12/2021,7,Standard,4,326,40.00%,195
OD1884,C119,P1641,20200830,8/30/2020,9,Standard,3,453,40.00%,271
OD1885,C721,P1642,20200623,6/23/2020,1,Prime,4,326,40.00%,195
OD1886,C519,P1643,20210202,2/2/2021,8,Standard,4,456,40.00%,273
OD1887,C624,P1644,20211025,10/25/2021,2,Standard,2,675,40.00%,405
OD1888,C130,P1645,20210326,3/26/2021,4,Standard,2,654,45.00%,359
OD1889,C205,P1646,20190305,3/5/2019,9,Standard,1,654,45.00%,359
OD1890,C569,P1647,20210205,2/5/2021,7,Standard,4,654,45.00%,359
OD1891,C449,P1648,20180710,7/10/2018,1,Prime,3,654,47.00%,346
OD1892,C141,P1649,20211214,12/14/2021,5,Standard,1,356,47.00%,188
OD1893,C679,P1650,20210314,3/14/2021,4,Standard,1,686,46.00%,370
OD1894,C429,P1651,20201202,12/2/2020,9,Standard,1,456,46.00%,246
OD1895,C415,P1652,20180614,6/14/2018,8,Standard,2,516,46.00%,278
OD1896,C286,P1653,20211203,12/3/2021,4,Standard,2,355,30.00%,248
OD1897,C117,P1654,20200822,8/22/2020,1,Prime,2,465,30.00%,325
OD1898,C228,P1655,20180225,2/25/2018,4,Standard,3,965,30.00%,675
OD1899,C379,P1656,20200714,7/14/2020,3,Standard,4,1158,30.00%,810
OD1900,C473,P1657,20191109,11/9/2019,6,Standard,1,264,30.00%,184
OD1901,C553,P1657,20210730,7/30/2021,5,Standard,2,433,35.00%,281
OD1902,C36,P1657,20200418,4/18/2020,1,Prime,4,562,35.00%,365
OD1903,C73,P1657,20211027,10/27/2021,4,Standard,1,423,35.00%,274
OD1904,C796,P1657,20200423,4/23/2020,6,Standard,4,621,35.00%,403
OD1905,C476,P1657,20191219,12/19/2019,6,Standard,1,333,35.00%,216
OD1906,C853,P1658,20200209,2/9/2020,4,Standard,4,236,35.00%,153
OD1907,C194,P1659,20191003,10/3/2019,8,Standard,2,456,40.00%,273
OD1908,C169,P1660,20200601,6/1/2020,3,Standard,4,963,40.00%,577
OD1909,C945,P1661,20200528,5/28/2020,2,Standard,4,234,15.00%,198
OD1910,C855,P1662,20191203,12/3/2019,3,Standard,1,456,15.00%,387
OD1911,C955,P1663,20210407,4/7/2021,4,Standard,4,564,15.00%,479
OD1912,C220,P1664,20190109,1/9/2019,5,Standard,3,634,55.00%,285
OD1913,C246,P1665,20200607,6/7/2020,2,Standard,1,236,55.00%,106
OD1914,C705,P1666,20211029,10/29/2021,1,Prime,4,444,55.00%,199
OD1915,C415,P1667,20180202,2/2/2018,3,Standard,3,456,50.00%,228
OD1916,C797,P1668,20180918,9/18/2018,4,Standard,1,963,50.00%,481
OD1917,C544,P1669,20190905,9/5/2019,3,Standard,2,456,50.00%,228
OD1918,C649,P1670,20180415,4/15/2018,2,Standard,1,1189,50.00%,594
OD1919,C249,P1671,20190126,1/26/2019,7,Standard,1,1298,50.00%,649
OD1920,C597,P1672,20190328,3/28/2019,9,Standard,4,1456,30.00%,1019
OD1921,C987,P1673,20201103,11/3/2020,3,Standard,3,1478,32.00%,1005
OD1922,C316,P1674,20180807,8/7/2018,1,Prime,1,256,25.00%,192
OD1923,C198,P1675,20191122,11/22/2019,1,Prime,1,2698,45.00%,1483
OD1924,C463,P1676,20190827,8/27/2019,0,Same Day,1,2364,15.00%,2009
OD1925,C472,P1677,20191013,10/13/2019,3,Standard,4,1236,33.00%,828
OD1926,C273,P1678,20200428,4/28/2020,9,Standard,1,756,42.00%,438
OD1927,C832,P1679,20200519,5/19/2020,8,Standard,3,326,42.00%,189
OD1928,C169,P1680,20210316,3/16/2021,6,Standard,4,453,39.00%,276
OD1929,C610,P1681,20200716,7/16/2020,9,Standard,2,326,39.00%,198
OD1930,C130,P1682,20190529,5/29/2019,6,Standard,2,456,39.00%,278
OD1931,C668,P1683,20180914,9/14/2018,6,Standard,4,456,39.00%,278
OD1932,C666,P1684,20200110,1/10/2020,7,Standard,3,456,30.00%,319
OD1933,C81,P1685,20200401,4/1/2020,0,Same Day,4,456,30.00%,319
OD1934,C184,P1686,20180614,6/14/2018,9,Standard,4,236,30.00%,165
OD1935,C617,P1687,20201112,11/12/2020,9,Standard,4,996,25.00%,747
OD1936,C647,P1688,20210118,1/18/2021,7,Standard,4,654,25.00%,490
OD1937,C90,P1689,20190324,3/24/2019,3,Standard,1,456,30.00%,319
OD1938,C772,P1690,20191019,10/19/2019,3,Standard,2,785,30.00%,549
OD1939,C576,P1691,20200701,7/1/2020,3,Standard,3,365,30.00%,255
OD1940,C617,P1692,20190901,9/1/2019,5,Standard,1,965,40.00%,579
OD1941,C169,P1693,20181002,10/2/2018,6,Standard,2,444,40.00%,266
OD1942,C438,P1694,20180608,6/8/2018,5,Standard,4,569,40.00%,341
OD1943,C50,P1695,20210802,8/2/2021,0,Same Day,2,475,40.00%,285
OD1944,C872,P1696,20200930,9/30/2020,7,Standard,2,598,40.00%,358
OD1945,C576,P1697,20190727,7/27/2019,9,Standard,1,536,40.00%,321
OD1946,C415,P1697,20210802,8/2/2021,6,Standard,1,256,45.00%,140
OD1947,C77,P1697,20191111,11/11/2019,5,Standard,3,456,45.00%,250
OD1948,C508,P1697,20180823,8/23/2018,5,Standard,4,456,45.00%,250
OD1949,C677,P1697,20190214,2/14/2019,4,Standard,4,745,47.00%,394
OD1950,C119,P1697,20200627,6/27/2020,5,Standard,4,356,47.00%,188
OD1951,C639,P1697,20210729,7/29/2021,8,Standard,2,1189,46.00%,642
OD1952,C630,P1698,20190220,2/20/2019,9,Standard,2,426,46.00%,230
OD1953,C420,P1699,20190408,4/8/2019,8,Standard,4,1126,46.00%,608
OD1954,C888,P1700,20190620,6/20/2019,9,Standard,3,1145,30.00%,801
OD1955,C59,P1701,20200922,9/22/2020,7,Standard,2,1235,30.00%,864
OD1956,C980,P1702,20190912,9/12/2019,9,Standard,3,1564,30.00%,1094
OD1957,C922,P1703,20190816,8/16/2019,8,Standard,2,654,30.00%,457
OD1958,C327,P1704,20200311,3/11/2020,9,Standard,1,854,30.00%,597
OD1959,C748,P1705,20180320,3/20/2018,7,Standard,1,475,35.00%,308
OD1960,C917,P1706,20180710,7/10/2018,7,Standard,4,475,35.00%,308
OD1961,C883,P1707,20210403,4/3/2021,0,Same Day,1,475,35.00%,308
OD1962,C623,P1708,20190904,9/4/2019,9,Standard,2,475,35.00%,308
OD1963,C933,P1709,20180710,7/10/2018,4,Standard,2,475,35.00%,308
OD1964,C314,P1710,20180202,2/2/2018,3,Standard,1,475,35.00%,308
OD1965,C258,P1711,20191111,11/11/2019,1,Prime,1,475,40.00%,285
OD1966,C478,P1712,20200304,3/4/2020,7,Standard,1,475,40.00%,285
OD1967,C490,P1713,20201130,11/30/2020,2,Standard,4,564,15.00%,479
OD1968,C890,P1714,20190501,5/1/2019,3,Standard,1,478,15.00%,406
OD1969,C860,P1715,20180720,7/20/2018,6,Standard,2,1264,15.00%,1074
OD1970,C487,P1716,20180602,6/2/2018,9,Standard,1,458,35.00%,297
OD1971,C480,P1717,20190224,2/24/2019,8,Standard,4,899,35.00%,584
OD1972,C138,P1718,20181102,11/2/2018,1,Prime,4,859,35.00%,558
OD1973,C407,P1719,20191220,12/20/2019,2,Standard,2,758,35.00%,492
OD1974,C609,P1720,20200825,8/25/2020,3,Standard,2,2354,55.00%,1059
OD1975,C559,P1721,20190228,2/28/2019,9,Standard,1,2344,55.00%,1054
OD1976,C404,P1722,20191005,10/5/2019,0,Same Day,2,2453,55.00%,1103
OD1977,C594,P1723,20180323,3/23/2018,6,Standard,3,2154,55.00%,969
OD1978,C622,P1724,20210311,3/11/2021,1,Prime,2,896,50.00%,448
OD1979,C652,P1725,20190901,9/1/2019,4,Standard,3,756,50.00%,378
OD1980,C873,P1726,20200922,9/22/2020,0,Same Day,3,236,50.00%,118
OD1981,C589,P1727,20211006,10/6/2021,2,Standard,2,475,50.00%,237
OD1982,C640,P1728,20201210,12/10/2020,1,Prime,3,589,50.00%,294
OD1983,C137,P1729,20181209,12/9/2018,0,Same Day,2,365,30.00%,255
OD1984,C444,P1730,20190613,6/13/2019,6,Standard,2,1233,32.00%,838
OD1985,C541,P1731,20180821,8/21/2018,4,Standard,4,1233,25.00%,924
OD1986,C207,P1732,20210401,4/1/2021,0,Same Day,3,1233,45.00%,678
OD1987,C325,P1733,20180616,6/16/2018,5,Standard,3,1233,15.00%,1048
OD1988,C964,P1734,20200304,3/4/2020,4,Standard,1,1233,33.00%,826
OD1989,C754,P1735,20211002,10/2/2021,2,Standard,2,1233,42.00%,715
OD1990,C168,P1736,20210919,9/19/2021,6,Standard,4,456,42.00%,264
OD1991,C752,P1736,20200929,9/29/2020,9,Standard,4,456,39.00%,278
OD1992,C820,P1736,20180716,7/16/2018,8,Standard,1,456,39.00%,278
OD1993,C151,P1736,20190902,9/2/2019,8,Standard,3,456,39.00%,278
OD1994,C942,P1737,20210505,5/5/2021,8,Standard,4,786,39.00%,479
OD1995,C658,P1738,20190831,8/31/2019,1,Prime,3,786,37.00%,495
OD1996,C399,P1739,20210626,6/26/2021,2,Standard,4,786,37.00%,495
OD1997,C857,P1740,20180815,8/15/2018,6,Standard,4,786,37.00%,495
OD1998,C429,P1741,20200622,6/22/2020,4,Standard,2,786,37.00%,495
OD1999,C609,P1742,20181005,10/5/2018,1,Prime,3,786,37.00%,495
OD2000,C900,P1743,20201013,10/13/2020,2,Standard,4,569,40.00%,341
OD2001,C831,P1744,20180127,1/27/2018,9,Standard,2,569,40.00%,341
OD2002,C312,P1745,20200102,1/2/2020,5,Standard,4,569,40.00%,341
OD2003,C718,P1746,20210327,3/27/2021,6,Standard,2,569,40.00%,341
OD2004,C391,P1747,20210325,3/25/2021,8,Standard,2,569,40.00%,341
OD2005,C597,P1748,20181216,12/16/2018,0,Same Day,3,569,34.00%,375
OD2006,C356,P1749,20201129,11/29/2020,6,Standard,2,569,34.00%,375
OD2007,C95,P1750,20200403,4/3/2020,7,Standard,4,569,34.00%,375
OD2008,C41,P1751,20190421,4/21/2019,2,Standard,1,456,34.00%,300
OD2009,C349,P1752,20200619,6/19/2020,3,Standard,4,759,34.00%,500
OD2010,C702,P1753,20190107,1/7/2019,9,Standard,4,478,38.00%,296
OD2011,C190,P1754,20190712,7/12/2019,5,Standard,2,566,38.00%,350
OD2012,C278,P1755,20180703,7/3/2018,9,Standard,4,369,38.00%,228
OD2013,C333,P1756,20180117,1/17/2018,6,Standard,2,456,38.00%,282
OD2014,C684,P1757,20180122,1/22/2018,3,Standard,3,1145,38.00%,709
OD2015,C412,P1758,20180126,1/26/2018,7,Standard,2,1174,21.00%,927
OD2016,C874,P1759,20190124,1/24/2019,4,Standard,3,1136,21.00%,897
OD2017,C394,P1760,20210226,2/26/2021,0,Same Day,1,1562,21.00%,1233
OD2018,C360,P1761,20200203,2/3/2020,3,Standard,4,465,21.00%,367
OD2019,C71,P1762,20191209,12/9/2019,2,Standard,3,456,21.00%,360
OD2020,C799,P1763,20200731,7/31/2020,8,Standard,1,789,22.00%,615
OD2021,C406,P1763,20211212,12/12/2021,7,Standard,2,1325,22.00%,1033
OD2022,C173,P1763,20200817,8/17/2020,0,Same Day,1,1236,22.00%,964
OD2023,C391,P1763,20210524,5/24/2021,5,Standard,3,456,22.00%,355
OD2024,C448,P1763,20180210,2/10/2018,8,Standard,4,789,22.00%,615
OD2025,C659,P1764,20200520,5/20/2020,6,Standard,1,456,22.00%,355
OD2026,C836,P1765,20181107,11/7/2018,3,Standard,1,2362,30.00%,1653
OD2027,C611,P1766,20191028,10/28/2019,0,Same Day,2,1265,30.00%,885
OD2028,C273,P1767,20190909,9/9/2019,1,Prime,2,789,30.00%,552
OD2029,C331,P1768,20210123,1/23/2021,4,Standard,4,1236,30.00%,865
OD2030,C72,P1769,20191210,12/10/2019,4,Standard,2,1145,30.00%,801
OD2031,C929,P1770,20200505,5/5/2020,7,Standard,3,1256,30.00%,879
OD2032,C743,P1771,20181018,10/18/2018,5,Standard,3,789,14.00%,678
OD2033,C334,P1772,20201001,10/1/2020,7,Standard,1,1236,14.00%,1062
OD2034,C729,P1773,20210820,8/20/2021,1,Prime,2,456,14.00%,392
OD2035,C539,P1774,20201113,11/13/2020,2,Standard,2,789,14.00%,678
OD2036,C490,P1775,20210222,2/22/2021,5,Standard,1,456,12.00%,401
OD2037,C51,P1776,20180224,2/24/2018,9,Standard,4,2362,12.00%,2078
OD2038,C310,P1777,20210516,5/16/2021,2,Standard,2,1265,12.00%,1113
OD2039,C515,P1778,20190318,3/18/2019,5,Standard,2,789,12.00%,694
OD2040,C61,P1779,20180422,4/22/2018,5,Standard,4,1236,12.00%,1087
OD2041,C818,P1780,20210314,3/14/2021,1,Prime,2,1145,12.00%,1007
OD2042,C197,P1781,20200806,8/6/2020,6,Standard,3,1256,34.00%,828
OD2043,C740,P1782,20180922,9/22/2018,1,Prime,3,789,34.00%,520
OD2044,C692,P1783,20200721,7/21/2020,5,Standard,4,789,34.00%,520
OD2045,C591,P1784,20180708,7/8/2018,0,Same Day,4,789,34.00%,520
OD2046,C489,P1785,20191206,12/6/2019,2,Standard,3,789,34.00%,520
OD2047,C105,P1786,20180527,5/27/2018,1,Prime,3,789,34.00%,520
OD2048,C622,P1787,20191216,12/16/2019,6,Standard,3,789,44.00%,441
OD2049,C260,P1788,20181225,12/25/2018,3,Standard,3,789,44.00%,441
OD2050,C09,P1789,20180512,5/12/2018,7,Standard,4,456,44.00%,255
OD2051,C177,P1790,20191121,11/21/2019,5,Standard,4,2354,44.00%,1318
OD2052,C796,P1791,20211224,12/24/2021,9,Standard,1,1456,44.00%,815
OD2053,C779,P1792,20211111,11/11/2021,3,Standard,4,1265,10.00%,1138
OD2054,C993,P1793,20180123,1/23/2018,4,Standard,3,1265,10.00%,1138
OD2055,C35,P1794,20180220,2/20/2018,8,Standard,2,1265,10.00%,1138
OD2056,C500,P1795,20210305,3/5/2021,6,Standard,3,1265,30.00%,885
OD2057,C87,P1796,20190617,6/17/2019,9,Standard,3,1265,30.00%,885
OD2058,C952,P1797,20200405,4/5/2020,8,Standard,4,965,30.00%,675
OD2059,C434,P1798,20200807,8/7/2020,6,Standard,1,1158,25.00%,868
OD2060,C920,P1799,20210504,5/4/2021,0,Same Day,2,264,25.00%,198
OD2061,C626,P1800,20190718,7/18/2019,7,Standard,2,433,30.00%,303
OD2062,C102,P1801,20200905,9/5/2020,3,Standard,1,562,30.00%,393
OD2063,C775,P1802,20200404,4/4/2020,2,Standard,3,423,30.00%,296
OD2064,C989,P1803,20190609,6/9/2019,6,Standard,4,621,40.00%,372
OD2065,C782,P1804,20211022,10/22/2021,2,Standard,3,333,40.00%,199
OD2066,C366,P1805,20200124,1/24/2020,7,Standard,2,236,40.00%,141
OD2067,C814,P1806,20180716,7/16/2018,5,Standard,2,456,40.00%,273
OD2068,C967,P1807,20200914,9/14/2020,4,Standard,3,963,40.00%,577
OD2069,C166,P1808,20210413,4/13/2021,3,Standard,2,234,40.00%,140
OD2070,C891,P1809,20200208,2/8/2020,7,Standard,4,456,45.00%,250
OD2071,C113,P1810,20191012,10/12/2019,7,Standard,2,564,45.00%,310
OD2072,C535,P1811,20200614,6/14/2020,0,Same Day,4,634,45.00%,348
OD2073,C268,P1812,20190605,6/5/2019,8,Standard,3,236,47.00%,125
OD2074,C291,P1813,20201216,12/16/2020,4,Standard,3,444,47.00%,235
OD2075,C878,P1814,20190313,3/13/2019,3,Standard,4,456,46.00%,246
OD2076,C396,P1815,20210202,2/2/2021,5,Standard,4,963,46.00%,520
OD2077,C160,P1816,20180401,4/1/2018,5,Standard,4,456,46.00%,246
OD2078,C499,P1817,20180807,8/7/2018,1,Prime,2,1189,30.00%,832
OD2079,C502,P1818,20201203,12/3/2020,7,Standard,3,1298,30.00%,908
OD2080,C949,P1819,20180116,1/16/2018,6,Standard,2,1456,30.00%,1019
OD2081,C752,P1820,20180524,5/24/2018,0,Same Day,2,1478,30.00%,1034
OD2082,C814,P1821,20201124,11/24/2020,4,Standard,4,256,30.00%,179
OD2083,C566,P1822,20181113,11/13/2018,5,Standard,2,2698,35.00%,1753
OD2084,C184,P1823,20180819,8/19/2018,3,Standard,1,2364,35.00%,1536
OD2085,C429,P1823,20200708,7/8/2020,1,Prime,1,1236,35.00%,803
OD2086,C274,P1823,20181124,11/24/2018,3,Standard,1,756,35.00%,491
OD2087,C713,P1823,20211005,10/5/2021,0,Same Day,1,326,35.00%,211
OD2088,C648,P1823,20190212,2/12/2019,6,Standard,1,453,35.00%,294
OD2089,C537,P1824,20190509,5/9/2019,1,Prime,4,326,40.00%,195
OD2090,C967,P1825,20210315,3/15/2021,1,Prime,2,456,40.00%,273
OD2091,C75,P1826,20190417,4/17/2019,8,Standard,2,675,15.00%,573
OD2092,C290,P1827,20210516,5/16/2021,4,Standard,1,654,15.00%,555
OD2093,C642,P1828,20200715,7/15/2020,1,Prime,2,654,15.00%,555
OD2094,C649,P1829,20190915,9/15/2019,8,Standard,1,654,35.00%,425
OD2095,C437,P1830,20181202,12/2/2018,8,Standard,2,654,35.00%,425
OD2096,C48,P1831,20210807,8/7/2021,0,Same Day,4,356,35.00%,231
OD2097,C643,P1832,20181118,11/18/2018,2,Standard,3,686,35.00%,445
OD2098,C915,P1833,20210714,7/14/2021,3,Standard,1,456,55.00%,205
OD2099,C862,P1834,20180228,2/28/2018,6,Standard,4,516,55.00%,232
OD2100,C275,P1835,20201009,10/9/2020,9,Standard,4,355,55.00%,159
OD2101,C85,P1836,20190914,9/14/2019,3,Standard,1,465,55.00%,209
OD2102,C865,P1837,20200310,3/10/2020,1,Prime,1,965,50.00%,482
OD2103,C698,P1838,20180505,5/5/2018,6,Standard,4,1158,50.00%,579
OD2104,C120,P1839,20190528,5/28/2019,5,Standard,1,264,50.00%,132
OD2105,C202,P1840,20191019,10/19/2019,2,Standard,1,433,50.00%,216
OD2106,C46,P1841,20210908,9/8/2021,5,Standard,3,562,50.00%,281
OD2107,C850,P1842,20200217,2/17/2020,5,Standard,3,423,30.00%,296
OD2108,C885,P1843,20200518,5/18/2020,4,Standard,1,621,32.00%,422
OD2109,C799,P1844,20180917,9/17/2018,3,Standard,4,333,25.00%,249
OD2110,C95,P1845,20210515,5/15/2021,9,Standard,2,236,45.00%,129
OD2111,C156,P1846,20200508,5/8/2020,0,Same Day,1,456,15.00%,387
OD2112,C638,P1847,20190819,8/19/2019,9,Standard,1,963,33.00%,645
OD2113,C993,P1848,20200814,8/14/2020,5,Standard,2,234,42.00%,135
OD2114,C125,P1849,20200708,7/8/2020,1,Prime,2,456,42.00%,264
OD2115,C759,P1850,20210309,3/9/2021,2,Standard,2,564,39.00%,344
OD2116,C623,P1851,20190831,8/31/2019,7,Standard,3,634,39.00%,386
OD2117,C208,P1852,20191114,11/14/2019,9,Standard,3,236,39.00%,143
OD2118,C153,P1853,20200326,3/26/2020,5,Standard,3,444,39.00%,270
OD2119,C703,P1854,20190915,9/15/2019,2,Standard,4,456,30.00%,319
OD2120,C873,P1855,20200208,2/8/2020,6,Standard,1,963,30.00%,674
OD2121,C993,P1856,20180209,2/9/2018,3,Standard,3,456,30.00%,319
OD2122,C448,P1857,20180816,8/16/2018,8,Standard,4,1189,25.00%,891
OD2123,C632,P1858,20200906,9/6/2020,4,Standard,4,1298,25.00%,973
OD2124,C78,P1859,20200417,4/17/2020,2,Standard,2,1456,30.00%,1019
OD2125,C622,P1860,20211105,11/5/2021,1,Prime,2,1478,30.00%,1034
OD2126,C305,P1861,20210528,5/28/2021,1,Prime,3,256,30.00%,179
OD2127,C412,P1862,20200202,2/2/2020,2,Standard,1,2698,40.00%,1618
OD2128,C36,P1863,20200818,8/18/2020,1,Prime,1,2364,40.00%,1418
OD2129,C673,P1864,20190728,7/28/2019,3,Standard,1,1236,40.00%,741
OD2130,C205,P1864,20211007,10/7/2021,1,Prime,4,756,40.00%,453
OD2131,C749,P1864,20180430,4/30/2018,9,Standard,4,326,40.00%,195
OD2132,C931,P1864,20180403,4/3/2018,8,Standard,4,453,40.00%,271
OD2133,C434,P1864,20200315,3/15/2020,1,Prime,4,326,45.00%,179
OD2134,C123,P1864,20190721,7/21/2019,8,Standard,1,456,45.00%,250
OD2135,C763,P1864,20210314,3/14/2021,5,Standard,1,456,45.00%,250
OD2136,C388,P1865,20180407,4/7/2018,0,Same Day,2,456,47.00%,241
OD2137,C495,P1866,20180724,7/24/2018,3,Standard,1,456,47.00%,241
OD2138,C977,P1867,20200817,8/17/2020,0,Same Day,4,236,46.00%,127
OD2139,C136,P1868,20200127,1/27/2020,5,Standard,4,996,46.00%,537
OD2140,C977,P1869,20190302,3/2/2019,3,Standard,3,654,46.00%,353
OD2141,C588,P1870,20200417,4/17/2020,2,Standard,1,456,30.00%,319
OD2142,C231,P1871,20200919,9/19/2020,2,Standard,1,785,30.00%,549
OD2143,C451,P1872,20200106,1/6/2020,8,Standard,2,365,30.00%,255
OD2144,C194,P1873,20210323,3/23/2021,5,Standard,2,965,30.00%,675
OD2145,C481,P1874,20210703,7/3/2021,8,Standard,4,444,30.00%,310
OD2146,C524,P1875,20190706,7/6/2019,4,Standard,3,569,35.00%,369
OD2147,C681,P1876,20180113,1/13/2018,1,Prime,1,475,35.00%,308
OD2148,C62,P1877,20210914,9/14/2021,7,Standard,1,598,35.00%,388
OD2149,C122,P1878,20200224,2/24/2020,4,Standard,3,536,35.00%,348
OD2150,C880,P1879,20190319,3/19/2019,1,Prime,1,256,35.00%,166
OD2151,C985,P1880,20211120,11/20/2021,3,Standard,2,456,35.00%,296
OD2152,C590,P1881,20180414,4/14/2018,8,Standard,3,456,40.00%,273
OD2153,C950,P1882,20190228,2/28/2019,3,Standard,1,745,40.00%,447
OD2154,C924,P1883,20180814,8/14/2018,3,Standard,2,356,15.00%,302
OD2155,C928,P1884,20190211,2/11/2019,1,Prime,2,1189,15.00%,1010
OD2156,C681,P1885,20210622,6/22/2021,5,Standard,4,426,15.00%,362
OD2157,C731,P1886,20180502,5/2/2018,1,Prime,1,1126,12.00%,990
OD2158,C704,P1887,20210810,8/10/2021,6,Standard,3,1145,12.00%,1007
OD2159,C772,P1888,20210929,9/29/2021,2,Standard,2,1235,12.00%,1086
OD2160,C248,P1889,20201115,11/15/2020,2,Standard,2,1564,34.00%,1032
OD2161,C642,P1890,20200305,3/5/2020,4,Standard,4,654,34.00%,431
OD2162,C523,P1891,20190316,3/16/2019,2,Standard,3,854,34.00%,563
OD2163,C603,P1892,20181224,12/24/2018,1,Prime,4,475,34.00%,313
OD2164,C355,P1892,20210502,5/2/2021,9,Standard,2,349,34.00%,230
OD2165,C335,P1892,20190528,5/28/2019,8,Standard,1,350,34.00%,231
OD2166,C782,P1892,20201015,10/15/2020,1,Prime,3,351,44.00%,196
OD2167,C163,P1892,20210930,9/30/2021,1,Prime,1,352,44.00%,197
OD2168,C385,P1892,20210111,1/11/2021,7,Standard,1,353,44.00%,197
OD2169,C358,P1893,20211230,12/30/2021,8,Standard,4,354,44.00%,198
OD2170,C773,P1894,20180723,7/23/2018,6,Standard,2,355,44.00%,198
OD2171,C950,P1895,20191107,11/7/2019,2,Standard,1,356,10.00%,320
OD2172,C546,P1896,20201227,12/27/2020,8,Standard,3,999,10.00%,899
OD2173,C39,P1897,20210318,3/18/2021,2,Standard,4,555,10.00%,499
OD2174,C604,P1898,20200218,2/18/2020,4,Standard,3,555,30.00%,388
OD2175,C726,P1899,20210429,4/29/2021,8,Standard,1,555,30.00%,388
OD2176,C775,P1900,20190705,7/5/2019,2,Standard,3,555,30.00%,388
OD2177,C423,P1901,20180929,9/29/2018,6,Standard,4,1025,25.00%,768
OD2178,C335,P1902,20201226,12/26/2020,0,Same Day,4,1025,25.00%,768
OD2179,C56,P1903,20190629,6/29/2019,3,Standard,2,1025,30.00%,717
OD2180,C127,P1904,20211205,12/5/2021,3,Standard,3,555,30.00%,388
OD2181,C542,P1905,20181017,10/17/2018,6,Standard,4,599,30.00%,419
OD2182,C350,P1906,20210112,1/12/2021,7,Standard,4,555,40.00%,333
OD2183,C290,P1907,20210428,4/28/2021,0,Same Day,2,555,40.00%,333
OD2184,C609,P1908,20200229,2/29/2020,4,Standard,4,565,40.00%,339
OD2185,C113,P1909,20201220,12/20/2020,6,Standard,1,555,40.00%,333
OD2186,C463,P1910,20210710,7/10/2021,3,Standard,3,999,40.00%,599
OD2187,C196,P1911,20211007,10/7/2021,3,Standard,2,999,40.00%,599
OD2188,C861,P1912,20210428,4/28/2021,3,Standard,1,999,45.00%,549
OD2189,C312,P1913,20201210,12/10/2020,5,Standard,1,999,45.00%,549
OD2190,C90,P1914,20200202,2/2/2020,6,Standard,3,1119,45.00%,615
OD2191,C463,P1915,20190617,6/17/2019,1,Prime,2,1119,47.00%,593
OD2192,C399,P1916,20180619,6/19/2018,4,Standard,4,1119,47.00%,593
OD2193,C582,P1917,20200524,5/24/2020,3,Standard,2,1119,46.00%,604
OD2194,C707,P1918,20180407,4/7/2018,2,Standard,4,985,46.00%,531
OD2195,C578,P1919,20191230,12/30/2019,6,Standard,3,985,46.00%,531
OD2196,C434,P1920,20191230,12/30/2019,5,Standard,3,985,30.00%,689
OD2197,C528,P1921,20211201,12/1/2021,6,Standard,1,985,30.00%,689
OD2198,C655,P1922,20190220,2/20/2019,4,Standard,1,985,30.00%,689
OD2199,C40,P1923,20200311,3/11/2020,5,Standard,1,369,30.00%,258
OD2200,C214,P1924,20210206,2/6/2021,4,Standard,3,399,30.00%,279
OD2201,C874,P1925,20201117,11/17/2020,6,Standard,4,399,35.00%,259
OD2202,C716,P1926,20200727,7/27/2020,1,Prime,3,399,35.00%,259
OD2203,C973,P1927,20200526,5/26/2020,4,Standard,3,399,35.00%,259
OD2204,C996,P1928,20190315,3/15/2019,5,Standard,1,555,35.00%,360
OD2205,C13,P1928,20180215,2/15/2018,5,Standard,2,555,35.00%,360
OD2206,C253,P1928,20180623,6/23/2018,4,Standard,1,555,35.00%,360
OD2207,C751,P1928,20180811,8/11/2018,9,Standard,2,555,40.00%,333
OD2208,C726,P1928,20180110,1/10/2018,6,Standard,4,675,40.00%,405
OD2209,C842,P1928,20200710,7/10/2020,9,Standard,4,675,15.00%,573
OD2210,C465,P1929,20200919,9/19/2020,7,Standard,4,675,15.00%,573
OD2211,C116,P1930,20181225,12/25/2018,6,Standard,1,654,15.00%,555
OD2212,C861,P1931,20181011,10/11/2018,4,Standard,1,654,35.00%,425
OD2213,C797,P1932,20200210,2/10/2020,0,Same Day,1,654,35.00%,425
OD2214,C175,P1933,20211122,11/22/2021,4,Standard,3,654,35.00%,425
OD2215,C304,P1934,20180617,6/17/2018,9,Standard,1,356,35.00%,231
OD2216,C911,P1935,20180601,6/1/2018,1,Prime,3,686,55.00%,308
OD2217,C724,P1936,20180202,2/2/2018,4,Standard,4,456,55.00%,205
OD2218,C506,P1937,20200607,6/7/2020,4,Standard,1,516,55.00%,232
OD2219,C606,P1938,20190106,1/6/2019,1,Prime,3,355,55.00%,159
OD2220,C321,P1939,20201024,10/24/2020,4,Standard,4,465,50.00%,232
OD2221,C437,P1940,20181103,11/3/2018,3,Standard,4,965,50.00%,482
OD2222,C903,P1941,20200713,7/13/2020,0,Same Day,1,1158,50.00%,579
OD2223,C181,P1942,20190426,4/26/2019,2,Standard,2,264,50.00%,132
OD2224,C42,P1943,20200719,7/19/2020,0,Same Day,2,433,50.00%,216
OD2225,C628,P1944,20200418,4/18/2020,4,Standard,4,562,30.00%,393
OD2226,C301,P1945,20210114,1/14/2021,3,Standard,2,423,32.00%,287
OD2227,C131,P1946,20191029,10/29/2019,6,Standard,2,621,25.00%,465
OD2228,C232,P1947,20210416,4/16/2021,4,Standard,3,333,45.00%,183
OD2229,C85,P1948,20210801,8/1/2021,9,Standard,3,236,15.00%,200
OD2230,C662,P1949,20211027,10/27/2021,3,Standard,3,456,33.00%,305
OD2231,C736,P1950,20210323,3/23/2021,1,Prime,4,963,42.00%,558
OD2232,C434,P1951,20190312,3/12/2019,3,Standard,2,234,42.00%,135
OD2233,C502,P1952,20180607,6/7/2018,1,Prime,1,456,39.00%,278
OD2234,C486,P1953,20200608,6/8/2020,7,Standard,2,564,39.00%,344
OD2235,C419,P1954,20200502,5/2/2020,2,Standard,4,634,39.00%,386
OD2236,C921,P1955,20190803,8/3/2019,8,Standard,3,236,39.00%,143
OD2237,C177,P1956,20180727,7/27/2018,3,Standard,4,444,30.00%,310
OD2238,C310,P1957,20201005,10/5/2020,5,Standard,3,456,30.00%,319
OD2239,C516,P1958,20210215,2/15/2021,9,Standard,4,963,30.00%,674
OD2240,C558,P1959,20210715,7/15/2021,4,Standard,1,456,25.00%,342
OD2241,C281,P1960,20210817,8/17/2021,9,Standard,3,1189,25.00%,891
OD2242,C259,P1961,20191124,11/24/2019,0,Same Day,3,1298,30.00%,908
OD2243,C684,P1962,20201027,10/27/2020,8,Standard,2,1456,30.00%,1019
OD2244,C275,P1963,20200401,4/1/2020,0,Same Day,4,1478,30.00%,1034
OD2245,C405,P1964,20210123,1/23/2021,7,Standard,2,256,40.00%,153
OD2246,C530,P1965,20180616,6/16/2018,8,Standard,4,2698,40.00%,1618
OD2247,C493,P1966,20180913,9/13/2018,8,Standard,1,2364,40.00%,1418
OD2248,C961,P1967,20180610,6/10/2018,0,Same Day,2,1236,40.00%,741
OD2249,C128,P1968,20180423,4/23/2018,1,Prime,3,756,40.00%,453
OD2250,C619,P1969,20181220,12/20/2018,0,Same Day,1,326,40.00%,195
OD2251,C326,P1970,20200219,2/19/2020,9,Standard,4,453,45.00%,249
OD2252,C303,P1971,20191225,12/25/2019,1,Prime,3,326,45.00%,179
OD2253,C204,P1972,20180223,2/23/2018,9,Standard,4,456,45.00%,250
OD2254,C441,P1973,20200831,8/31/2020,7,Standard,3,675,47.00%,357
OD2255,C386,P1974,20191020,10/20/2019,4,Standard,4,654,47.00%,346
OD2256,C24,P1975,20200129,1/29/2020,6,Standard,3,654,46.00%,353
OD2257,C982,P1976,20200503,5/3/2020,1,Prime,4,654,46.00%,353
OD2258,C803,P1977,20210216,2/16/2021,7,Standard,2,654,46.00%,353
OD2259,C408,P1978,20180402,4/2/2018,5,Standard,3,356,30.00%,249
OD2260,C844,P1979,20210801,8/1/2021,7,Standard,3,686,30.00%,480
OD2261,C632,P1980,20211129,11/29/2021,0,Same Day,2,456,30.00%,319
OD2262,C818,P1981,20180706,7/6/2018,0,Same Day,4,516,30.00%,361
OD2263,C193,P1982,20210717,7/17/2021,6,Standard,3,355,30.00%,248
OD2264,C978,P1983,20200820,8/20/2020,7,Standard,2,465,35.00%,302
OD2265,C481,P1984,20200408,4/8/2020,2,Standard,4,965,35.00%,627
OD2266,C810,P1985,20190322,3/22/2019,4,Standard,3,1158,35.00%,752
OD2267,C470,P1985,20180621,6/21/2018,0,Same Day,3,264,35.00%,171
OD2268,C648,P1985,20210901,9/1/2021,6,Standard,4,433,35.00%,281
OD2269,C377,P1985,20210710,7/10/2021,4,Standard,2,562,35.00%,365
OD2270,C962,P1985,20191110,11/10/2019,7,Standard,3,423,40.00%,253
OD2271,C482,P1985,20200211,2/11/2020,7,Standard,4,621,40.00%,372
OD2272,C874,P1985,20201111,11/11/2020,8,Standard,3,333,15.00%,283
OD2273,C95,P1985,20191220,12/20/2019,6,Standard,4,236,15.00%,200
OD2274,C510,P1986,20200728,7/28/2020,0,Same Day,3,456,15.00%,387
OD2275,C293,P1987,20200729,7/29/2020,2,Standard,1,963,34.00%,635
OD2276,C751,P1988,20190606,6/6/2019,7,Standard,2,234,34.00%,154
OD2277,C366,P1989,20210122,1/22/2021,2,Standard,2,456,34.00%,300
OD2278,C573,P1990,20191106,11/6/2019,7,Standard,1,564,34.00%,372
OD2279,C428,P1991,20200109,1/9/2020,0,Same Day,4,634,34.00%,418
OD2280,C593,P1992,20180821,8/21/2018,4,Standard,2,236,34.00%,155
OD2281,C893,P1993,20211021,10/21/2021,3,Standard,4,444,44.00%,248
OD2282,C517,P1994,20200325,3/25/2020,4,Standard,3,456,44.00%,255
OD2283,C361,P1995,20180124,1/24/2018,7,Standard,1,963,44.00%,539
OD2284,C81,P1996,20190729,7/29/2019,9,Standard,4,456,44.00%,255
OD2285,C324,P1997,20190126,1/26/2019,3,Standard,4,1189,44.00%,665
OD2286,C842,P1998,20180316,3/16/2018,3,Standard,2,1298,10.00%,1168
OD2287,C356,P1999,20190812,8/12/2019,2,Standard,3,1456,10.00%,1310
OD2288,C227,P2000,20211012,10/12/2021,6,Standard,2,1478,10.00%,1330
OD2289,C788,P2001,20181017,10/17/2018,2,Standard,3,256,30.00%,179
OD2290,C493,P2002,20191230,12/30/2019,2,Standard,2,2698,30.00%,1888
OD2291,C792,P2003,20190714,7/14/2019,9,Standard,4,2364,30.00%,1654
OD2292,C847,P2004,20200616,6/16/2020,4,Standard,4,1236,25.00%,927
OD2293,C273,P2005,20181230,12/30/2018,4,Standard,1,756,25.00%,567
OD2294,C906,P2006,20190615,6/15/2019,5,Standard,4,326,30.00%,228
OD2295,C763,P2007,20200627,6/27/2020,7,Standard,4,453,30.00%,317
OD2296,C123,P2008,20200510,5/10/2020,9,Standard,4,326,30.00%,228
OD2297,C105,P2009,20190203,2/3/2019,5,Standard,4,456,40.00%,273
OD2298,C647,P2010,20180723,7/23/2018,0,Same Day,1,675,40.00%,405
OD2299,C256,P2011,20210313,3/13/2021,7,Standard,3,654,40.00%,392
OD2300,C398,P2012,20180112,1/12/2018,7,Standard,1,654,40.00%,392
OD2301,C103,P2013,20180901,9/1/2018,8,Standard,1,654,40.00%,392
OD2302,C798,P2014,20181113,11/13/2018,8,Standard,2,654,40.00%,392
OD2303,C640,P2015,20210617,6/17/2021,1,Prime,3,356,45.00%,195
OD2304,C329,P2016,20180302,3/2/2018,1,Prime,2,686,45.00%,377
OD2305,C730,P2017,20180430,4/30/2018,2,Standard,1,456,45.00%,250
OD2306,C603,P2018,20210210,2/10/2021,0,Same Day,4,516,47.00%,273
OD2307,C297,P2019,20201221,12/21/2020,3,Standard,3,355,47.00%,188
OD2308,C223,P2020,20190320,3/20/2019,3,Standard,4,465,46.00%,251
OD2309,C837,P2021,20200117,1/17/2020,8,Standard,1,965,46.00%,521
OD2310,C180,P2022,20190129,1/29/2019,8,Standard,1,1158,46.00%,625
OD2311,C642,P2023,20180530,5/30/2018,8,Standard,1,264,30.00%,184
OD2312,C486,P2024,20190903,9/3/2019,9,Standard,3,433,30.00%,303
OD2313,C412,P2025,20180121,1/21/2018,6,Standard,2,562,30.00%,393
OD2314,C521,P2026,20200618,6/18/2020,1,Prime,2,423,30.00%,296
OD2315,C942,P2027,20180810,8/10/2018,9,Standard,4,621,30.00%,434
OD2316,C892,P2028,20190809,8/9/2019,4,Standard,3,333,35.00%,216
OD2317,C614,P2029,20191014,10/14/2019,3,Standard,4,236,35.00%,153
OD2318,C837,P2030,20191108,11/8/2019,7,Standard,4,456,35.00%,296
OD2319,C615,P2031,20200323,3/23/2020,1,Prime,2,963,35.00%,625
OD2320,C910,P2032,20210307,3/7/2021,5,Standard,3,234,35.00%,152
OD2321,C378,P2033,20200612,6/12/2020,4,Standard,1,456,35.00%,296
OD2322,C670,P2034,20191124,11/24/2019,1,Prime,4,564,40.00%,338
OD2323,C85,P2035,20210120,1/20/2021,9,Standard,1,634,40.00%,380
OD2324,C669,P2036,20210625,6/25/2021,0,Same Day,3,236,15.00%,200
OD2325,C563,P2037,20191028,10/28/2019,7,Standard,4,444,15.00%,377
OD2326,C319,P2038,20210624,6/24/2021,1,Prime,1,456,15.00%,387
OD2327,C304,P2038,20181003,10/3/2018,6,Standard,1,963,35.00%,625
OD2328,C305,P2038,20210223,2/23/2021,8,Standard,2,456,35.00%,296
OD2329,C427,P2038,20201014,10/14/2020,8,Standard,3,1189,35.00%,772
OD2330,C558,P2038,20210509,5/9/2021,7,Standard,3,1298,35.00%,843
OD2331,C410,P2038,20210513,5/13/2021,9,Standard,3,1456,55.00%,655
OD2332,C638,P2038,20200615,6/15/2020,8,Standard,4,1478,55.00%,665
OD2333,C941,P2039,20201001,10/1/2020,1,Prime,2,256,55.00%,115
OD2334,C293,P2040,20180220,2/20/2018,5,Standard,4,2698,55.00%,1214
OD2335,C763,P2041,20210916,9/16/2021,3,Standard,3,2364,50.00%,1182
OD2336,C477,P2042,20181201,12/1/2018,3,Standard,4,1236,50.00%,618
OD2337,C519,P2043,20200307,3/7/2020,4,Standard,1,756,50.00%,378
OD2338,C983,P2044,20210607,6/7/2021,2,Standard,4,326,50.00%,163
OD2339,C236,P2045,20180409,4/9/2018,0,Same Day,4,453,50.00%,226
OD2340,C742,P2046,20190430,4/30/2019,7,Standard,3,326,30.00%,228
OD2341,C686,P2047,20191022,10/22/2019,4,Standard,1,456,32.00%,310
OD2342,C162,P2048,20190911,9/11/2019,2,Standard,3,456,25.00%,342
OD2343,C880,P2049,20201107,11/7/2020,9,Standard,1,456,45.00%,250
OD2344,C455,P2050,20190909,9/9/2019,6,Standard,1,456,15.00%,387
OD2345,C393,P2051,20200621,6/21/2020,6,Standard,1,236,33.00%,158
OD2346,C482,P2052,20210731,7/31/2021,0,Same Day,3,996,42.00%,577
OD2347,C628,P2053,20200921,9/21/2020,8,Standard,1,654,42.00%,379
OD2348,C159,P2054,20200929,9/29/2020,1,Prime,2,965,39.00%,588
OD2349,C760,P2055,20180830,8/30/2018,4,Standard,2,1158,39.00%,706
OD2350,C670,P2056,20180525,5/25/2018,4,Standard,2,264,39.00%,161
OD2351,C900,P2057,20180817,8/17/2018,7,Standard,2,433,39.00%,264
OD2352,C307,P2058,20200819,8/19/2020,7,Standard,3,562,30.00%,393
OD2353,C513,P2059,20201229,12/29/2020,6,Standard,4,423,30.00%,296
OD2354,C107,P2060,20190901,9/1/2019,6,Standard,4,621,30.00%,434
OD2355,C227,P2061,20190711,7/11/2019,5,Standard,2,333,25.00%,249
OD2356,C556,P2062,20211101,11/1/2021,5,Standard,4,236,25.00%,177
OD2357,C395,P2063,20180417,4/17/2018,8,Standard,2,456,30.00%,319
OD2358,C64,P2063,20210127,1/27/2021,5,Standard,2,963,30.00%,674
OD2359,C537,P2063,20181101,11/1/2018,1,Prime,4,234,30.00%,163
OD2360,C913,P2063,20200724,7/24/2020,1,Prime,4,456,40.00%,273
OD2361,C517,P2063,20180821,8/21/2018,4,Standard,1,564,40.00%,338
OD2362,C455,P2063,20201127,11/27/2020,3,Standard,2,634,40.00%,380
OD2363,C732,P2064,20190808,8/8/2019,1,Prime,4,236,40.00%,141
OD2364,C731,P2065,20211010,10/10/2021,2,Standard,4,444,40.00%,266
OD2365,C47,P2066,20190216,2/16/2019,6,Standard,4,456,40.00%,273
OD2366,C931,P2067,20210912,9/12/2021,7,Standard,1,963,45.00%,529
OD2367,C389,P2068,20190518,5/18/2019,5,Standard,2,456,45.00%,250
OD2368,C520,P2069,20210426,4/26/2021,4,Standard,2,1189,45.00%,653
OD2369,C325,P2070,20210127,1/27/2021,0,Same Day,3,1298,47.00%,687
OD2370,C789,P2071,20190328,3/28/2019,7,Standard,1,1456,47.00%,771
OD2371,C702,P2072,20200124,1/24/2020,2,Standard,1,1478,46.00%,798
OD2372,C495,P2073,20200614,6/14/2020,5,Standard,2,256,46.00%,138
OD2373,C654,P2074,20210917,9/17/2021,2,Standard,3,2698,46.00%,1456
OD2374,C06,P2075,20200819,8/19/2020,6,Standard,3,2364,30.00%,1654
OD2375,C231,P2076,20201113,11/13/2020,6,Standard,2,1236,30.00%,865
OD2376,C483,P2077,20210301,3/1/2021,8,Standard,4,756,30.00%,529
OD2377,C363,P2078,20181115,11/15/2018,4,Standard,1,326,30.00%,228
OD2378,C791,P2079,20210127,1/27/2021,7,Standard,3,453,30.00%,317
OD2379,C69,P2080,20181202,12/2/2018,9,Standard,4,326,35.00%,211
OD2380,C807,P2081,20180907,9/7/2018,9,Standard,3,456,35.00%,296
OD2381,C566,P2082,20200218,2/18/2020,7,Standard,4,675,35.00%,438
OD2382,C859,P2083,20191002,10/2/2019,0,Same Day,4,654,35.00%,425
OD2383,C93,P2084,20190314,3/14/2019,4,Standard,1,654,35.00%,425
OD2384,C453,P2085,20201118,11/18/2020,2,Standard,3,654,35.00%,425
OD2385,C575,P2086,20200119,1/19/2020,0,Same Day,3,654,40.00%,392
OD2386,C759,P2087,20211005,10/5/2021,3,Standard,4,356,40.00%,213
OD2387,C360,P2088,20190308,3/8/2019,7,Standard,2,686,15.00%,583
OD2388,C939,P2089,20211118,11/18/2021,2,Standard,3,456,15.00%,387
OD2389,C909,P2090,20210604,6/4/2021,9,Standard,1,516,15.00%,438
OD2390,C67,P2090,20210904,9/4/2021,1,Prime,2,355,30.00%,248
OD2391,C714,P2090,20191006,10/6/2019,8,Standard,3,465,30.00%,325
OD2392,C99,P2090,20180521,5/21/2018,9,Standard,1,965,14.00%,829
OD2393,C32,P2090,20180610,6/10/2018,4,Standard,2,1158,14.00%,995
OD2394,C550,P2090,20180418,4/18/2018,6,Standard,3,264,14.00%,227
OD2395,C913,P2091,20190817,8/17/2019,1,Prime,1,433,14.00%,372
OD2396,C645,P2092,20190927,9/27/2019,8,Standard,2,562,12.00%,494
OD2397,C932,P2093,20200827,8/27/2020,8,Standard,3,423,12.00%,372
OD2398,C987,P2094,20190207,2/7/2019,3,Standard,2,621,12.00%,546
OD2399,C655,P2095,20200316,3/16/2020,3,Standard,4,333,12.00%,293
OD2400,C377,P2096,20181213,12/13/2018,5,Standard,4,236,12.00%,207
OD2401,C908,P2097,20190921,9/21/2019,9,Standard,2,456,12.00%,401
OD2402,C218,P2098,20181204,12/4/2018,9,Standard,4,963,34.00%,635
OD2403,C882,P2099,20210111,1/11/2021,9,Standard,4,234,34.00%,154
OD2404,C265,P2100,20200827,8/27/2020,5,Standard,2,456,34.00%,300
OD2405,C954,P2101,20210523,5/23/2021,0,Same Day,4,564,34.00%,372
OD2406,C972,P2102,20190324,3/24/2019,8,Standard,2,634,34.00%,418
OD2407,C616,P2103,20210524,5/24/2021,1,Prime,2,236,34.00%,155
OD2408,C532,P2104,20200416,4/16/2020,4,Standard,4,444,44.00%,248
OD2409,C86,P2105,20190910,9/10/2019,8,Standard,3,456,44.00%,255
OD2410,C707,P2106,20190930,9/30/2019,3,Standard,2,963,44.00%,539
OD2411,C315,P2107,20200908,9/8/2020,2,Standard,2,456,44.00%,255
OD2412,C851,P2108,20210201,2/1/2021,6,Standard,3,1189,44.00%,665
OD2413,C673,P2109,20190303,3/3/2019,5,Standard,4,1298,10.00%,1168
OD2414,C929,P2110,20180330,3/30/2018,7,Standard,1,1456,10.00%,1310
OD2415,C451,P2111,20211111,11/11/2021,2,Standard,3,1478,10.00%,1330
OD2416,C581,P2112,20201216,12/16/2020,4,Standard,1,256,30.00%,179
OD2417,C743,P2113,20200105,1/5/2020,9,Standard,4,2698,30.00%,1888
OD2418,C495,P2114,20200130,1/30/2020,3,Standard,2,2364,30.00%,1654
OD2419,C647,P2115,20200721,7/21/2020,3,Standard,2,1236,25.00%,927
OD2420,C913,P2116,20200122,1/22/2020,3,Standard,4,756,25.00%,567
OD2421,C518,P2117,20190402,4/2/2019,9,Standard,4,326,30.00%,228
OD2422,C29,P2118,20180530,5/30/2018,7,Standard,4,453,30.00%,317
OD2423,C291,P2119,20211004,10/4/2021,5,Standard,4,326,30.00%,228
OD2424,C72,P2120,20191028,10/28/2019,2,Standard,4,456,40.00%,273
OD2425,C924,P2121,20190113,1/13/2019,9,Standard,4,456,40.00%,273
OD2426,C441,P2122,20190303,3/3/2019,4,Standard,4,456,40.00%,273
OD2427,C86,P2123,20180623,6/23/2018,5,Standard,2,456,40.00%,273
OD2428,C474,P2124,20190703,7/3/2019,4,Standard,1,236,40.00%,141
OD2429,C393,P2125,20190602,6/2/2019,5,Standard,1,996,40.00%,597
OD2430,C155,P2126,20180910,9/10/2018,7,Standard,2,654,45.00%,359
OD2431,C418,P2127,20180401,4/1/2018,6,Standard,3,456,45.00%,250
OD2432,C50,P2128,20191006,10/6/2019,4,Standard,1,785,45.00%,431
OD2433,C658,P2129,20180128,1/28/2018,9,Standard,3,365,47.00%,193
OD2434,C962,P2130,20210505,5/5/2021,5,Standard,2,965,47.00%,511
OD2435,C413,P2131,20200505,5/5/2020,3,Standard,3,444,46.00%,239
OD2436,C334,P2132,20200902,9/2/2020,8,Standard,2,569,46.00%,307
OD2437,C499,P2133,20191213,12/13/2019,3,Standard,4,475,46.00%,256
OD2438,C745,P2134,20181231,12/31/2018,0,Same Day,4,598,30.00%,418
OD2439,C183,P2134,20200119,1/19/2020,6,Standard,1,536,30.00%,375
OD2440,C56,P2134,20190622,6/22/2019,6,Standard,1,256,30.00%,179
OD2441,C405,P2134,20190522,5/22/2019,3,Standard,3,456,30.00%,319
OD2442,C159,P2134,20200520,5/20/2020,2,Standard,3,456,30.00%,319
OD2443,C369,P2135,20190701,7/1/2019,7,Standard,1,745,35.00%,484
OD2444,C516,P2136,20200907,9/7/2020,4,Standard,4,356,35.00%,231
OD2445,C213,P2137,20190813,8/13/2019,9,Standard,2,1189,35.00%,772
OD2446,C790,P2138,20181122,11/22/2018,6,Standard,4,426,35.00%,276
OD2447,C430,P2139,20210214,2/14/2021,3,Standard,1,1126,35.00%,731
OD2448,C283,P2140,20201114,11/14/2020,3,Standard,2,1145,35.00%,744
OD2449,C292,P2141,20210318,3/18/2021,7,Standard,3,1235,40.00%,741
OD2450,C325,P2142,20180814,8/14/2018,7,Standard,1,1564,40.00%,938
OD2451,C259,P2143,20180126,1/26/2018,1,Prime,4,654,15.00%,555
OD2452,C130,P2144,20201012,10/12/2020,1,Prime,3,854,15.00%,725
OD2453,C935,P2145,20190111,1/11/2019,2,Standard,3,475,15.00%,403
OD2454,C755,P2146,20200211,2/11/2020,2,Standard,1,349,35.00%,226
OD2455,C400,P2147,20180228,2/28/2018,0,Same Day,4,350,35.00%,227
OD2456,C658,P2148,20181201,12/1/2018,2,Standard,1,351,35.00%,228
OD2457,C892,P2149,20210813,8/13/2021,5,Standard,2,352,35.00%,228
OD2458,C654,P2150,20210306,3/6/2021,7,Standard,2,353,55.00%,158
OD2459,C242,P2151,20190629,6/29/2019,9,Standard,3,354,55.00%,159
OD2460,C722,P2152,20190913,9/13/2019,5,Standard,4,355,55.00%,159
OD2461,C713,P2153,20191224,12/24/2019,4,Standard,2,356,55.00%,160
OD2462,C445,P2154,20190626,6/26/2019,3,Standard,2,999,50.00%,499
OD2463,C502,P2155,20180907,9/7/2018,2,Standard,2,555,50.00%,277
OD2464,C80,P2156,20210215,2/15/2021,3,Standard,2,555,50.00%,277
OD2465,C783,P2157,20190223,2/23/2019,6,Standard,1,555,50.00%,277
OD2466,C324,P2158,20210314,3/14/2021,0,Same Day,3,555,50.00%,277
OD2467,C342,P2159,20210721,7/21/2021,6,Standard,3,1025,30.00%,717
OD2468,C172,P2160,20180617,6/17/2018,0,Same Day,2,1025,32.00%,696
OD2469,C235,P2161,20200914,9/14/2020,1,Prime,3,1025,25.00%,768
OD2470,C521,P2162,20180417,4/17/2018,3,Standard,3,555,45.00%,305
OD2471,C295,P2163,20191208,12/8/2019,0,Same Day,3,599,15.00%,509
OD2472,C459,P2164,20190427,4/27/2019,8,Standard,3,555,33.00%,371
OD2473,C339,P2165,20211004,10/4/2021,5,Standard,1,555,42.00%,321
OD2474,C81,P2166,20190803,8/3/2019,0,Same Day,2,565,42.00%,327
OD2475,C476,P2167,20191130,11/30/2019,0,Same Day,4,555,39.00%,338
OD2476,C243,P2168,20200921,9/21/2020,5,Standard,1,999,39.00%,609
OD2477,C819,P2169,20201016,10/16/2020,3,Standard,3,999,39.00%,609
OD2478,C298,P2170,20200826,8/26/2020,3,Standard,2,999,39.00%,609
OD2479,C879,P2171,20210305,3/5/2021,5,Standard,2,999,30.00%,699
OD2480,C891,P2172,20190602,6/2/2019,6,Standard,2,1119,30.00%,783
OD2481,C578,P2173,20180211,2/11/2018,8,Standard,2,1119,30.00%,783
OD2482,C814,P2174,20200330,3/30/2020,9,Standard,3,1119,25.00%,839
OD2483,C621,P2175,20190609,6/9/2019,4,Standard,2,1119,25.00%,839
OD2484,C80,P2176,20181111,11/11/2018,8,Standard,4,985,30.00%,689
OD2485,C158,P2176,20200806,8/6/2020,3,Standard,4,985,30.00%,689
OD2486,C643,P2176,20180803,8/3/2018,9,Standard,2,985,30.00%,689
OD2487,C311,P2176,20210921,9/21/2021,1,Prime,3,985,40.00%,591
OD2488,C54,P2176,20191211,12/11/2019,2,Standard,4,985,40.00%,591
OD2489,C561,P2177,20180613,6/13/2018,0,Same Day,4,369,40.00%,221
OD2490,C615,P2178,20181110,11/10/2018,5,Standard,4,399,40.00%,239
OD2491,C30,P2179,20190816,8/16/2019,5,Standard,1,399,40.00%,239
OD2492,C83,P2180,20190925,9/25/2019,0,Same Day,1,399,40.00%,239
OD2493,C919,P2181,20181226,12/26/2018,2,Standard,4,399,45.00%,219
OD2494,C308,P2182,20180531,5/31/2018,4,Standard,3,555,45.00%,305
OD2495,C295,P2183,20210913,9/13/2021,2,Standard,3,555,45.00%,305
OD2496,C15,P2184,20200921,9/21/2020,9,Standard,4,555,47.00%,294
OD2497,C124,P2185,20191028,10/28/2019,2,Standard,4,555,47.00%,294
OD2498,C821,P2186,20190826,8/26/2019,9,Standard,3,675,46.00%,364
OD2499,C490,P2187,20191003,10/3/2019,2,Standard,1,675,46.00%,364
OD2500,C953,P2188,20210929,9/29/2021,4,Standard,1,675,46.00%,364
OD2501,C93,P2189,20190729,7/29/2019,4,Standard,4,654,30.00%,457
OD2502,C26,P2190,20200404,4/4/2020,3,Standard,3,654,30.00%,457
OD2503,C878,P2191,20200703,7/3/2020,0,Same Day,1,654,30.00%,457
OD2504,C957,P2192,20180413,4/13/2018,4,Standard,4,654,30.00%,457
OD2505,C129,P2193,20211212,12/12/2021,9,Standard,2,356,30.00%,249
OD2506,C67,P2194,20210124,1/24/2021,4,Standard,4,686,35.00%,445
OD2507,C837,P2195,20211211,12/11/2021,3,Standard,2,456,35.00%,296
OD2508,C731,P2196,20200501,5/1/2020,5,Standard,4,516,35.00%,335
OD2509,C465,P2197,20180524,5/24/2018,9,Standard,3,355,35.00%,230
OD2510,C884,P2198,20180722,7/22/2018,3,Standard,3,465,35.00%,302
OD2511,C880,P2199,20200325,3/25/2020,6,Standard,3,965,35.00%,627
OD2512,C109,P2200,20210304,3/4/2021,6,Standard,3,1158,40.00%,694
OD2513,C870,P2201,20190330,3/30/2019,1,Prime,2,264,40.00%,158
OD2514,C786,P2202,20190913,9/13/2019,2,Standard,4,433,15.00%,368
OD2515,C625,P2203,20200127,1/27/2020,0,Same Day,3,562,15.00%,477
OD2516,C557,P2204,20200622,6/22/2020,7,Standard,1,423,15.00%,359
OD2517,C596,P2204,20190608,6/8/2019,8,Standard,1,621,44.00%,347
OD2518,C459,P2204,20180220,2/20/2018,3,Standard,1,333,44.00%,186
OD2519,C305,P2204,20180124,1/24/2018,5,Standard,4,236,44.00%,132
OD2520,C642,P2204,20201229,12/29/2020,8,Standard,1,456,44.00%,255
OD2521,C591,P2204,20210706,7/6/2021,5,Standard,1,963,10.00%,866
OD2522,C632,P2205,20180710,7/10/2018,8,Standard,2,234,10.00%,210
OD2523,C247,P2206,20181101,11/1/2018,3,Standard,4,456,10.00%,410
OD2524,C141,P2207,20200303,3/3/2020,7,Standard,4,564,30.00%,394
OD2525,C532,P2208,20190113,1/13/2019,8,Standard,1,634,30.00%,443
OD2526,C316,P2209,20191029,10/29/2019,3,Standard,4,236,30.00%,165
OD2527,C550,P2210,20180619,6/19/2018,4,Standard,2,444,25.00%,333
OD2528,C77,P2211,20190720,7/20/2019,7,Standard,2,456,25.00%,342
OD2529,C874,P2212,20181207,12/7/2018,9,Standard,3,963,30.00%,674
OD2530,C73,P2213,20190520,5/20/2019,5,Standard,2,456,30.00%,319
OD2531,C663,P2214,20200511,5/11/2020,6,Standard,3,1189,30.00%,832
OD2532,C237,P2215,20211206,12/6/2021,2,Standard,1,1298,40.00%,778
OD2533,C89,P2216,20190622,6/22/2019,6,Standard,3,1456,40.00%,873
OD2534,C289,P2217,20190504,5/4/2019,7,Standard,3,1478,40.00%,886
OD2535,C377,P2218,20180504,5/4/2018,9,Standard,1,256,40.00%,153
OD2536,C547,P2219,20211024,10/24/2021,5,Standard,3,2698,40.00%,1618
OD2537,C681,P2220,20191125,11/25/2019,9,Standard,2,2364,40.00%,1418
OD2538,C714,P2221,20210310,3/10/2021,8,Standard,1,1236,45.00%,679
OD2539,C366,P2222,20210107,1/7/2021,5,Standard,4,756,45.00%,415
OD2540,C474,P2223,20190529,5/29/2019,8,Standard,3,326,45.00%,179
OD2541,C248,P2224,20210125,1/25/2021,3,Standard,2,453,47.00%,240
OD2542,C199,P2225,20200510,5/10/2020,7,Standard,4,326,47.00%,172
OD2543,C650,P2226,20211103,11/3/2021,3,Standard,1,456,46.00%,246
OD2544,C671,P2227,20210205,2/5/2021,1,Prime,1,675,46.00%,364
OD2545,C373,P2228,20181011,10/11/2018,9,Standard,1,654,46.00%,353
OD2546,C591,P2229,20210813,8/13/2021,8,Standard,2,654,30.00%,457
OD2547,C871,P2230,20191001,10/1/2019,4,Standard,4,654,30.00%,457
OD2548,C704,P2231,20181024,10/24/2018,3,Standard,1,654,30.00%,457
OD2549,C867,P2232,20201207,12/7/2020,1,Prime,2,356,30.00%,249
OD2550,C129,P2233,20201117,11/17/2020,0,Same Day,2,686,30.00%,480
OD2551,C594,P2234,20200728,7/28/2020,6,Standard,4,456,35.00%,296
OD2552,C298,P2235,20210810,8/10/2021,5,Standard,1,516,35.00%,335
OD2553,C102,P2236,20200304,3/4/2020,1,Prime,1,355,35.00%,230
OD2554,C77,P2237,20180403,4/3/2018,7,Standard,3,465,35.00%,302
OD2555,C613,P2238,20200101,1/1/2020,3,Standard,1,965,35.00%,627
OD2556,C713,P2239,20210227,2/27/2021,7,Standard,4,1158,35.00%,752
OD2557,C639,P2240,20210316,3/16/2021,6,Standard,2,264,40.00%,158
OD2558,C412,P2241,20200126,1/26/2020,4,Standard,4,433,40.00%,259
OD2559,C639,P2242,20200509,5/9/2020,9,Standard,1,562,15.00%,477
OD2560,C959,P2243,20210405,4/5/2021,9,Standard,2,423,15.00%,359
OD2561,C233,P2244,20180723,7/23/2018,7,Standard,4,621,15.00%,527
OD2562,C104,P2245,20200505,5/5/2020,8,Standard,1,333,35.00%,216
OD2563,C974,P2246,20201228,12/28/2020,4,Standard,1,236,35.00%,153
OD2564,C922,P2247,20180914,9/14/2018,9,Standard,1,456,35.00%,296
OD2565,C300,P2248,20200221,2/21/2020,4,Standard,3,963,35.00%,625
OD2566,C261,P2249,20190103,1/3/2019,1,Prime,3,234,55.00%,105
OD2567,C229,P2250,20180504,5/4/2018,4,Standard,3,456,55.00%,205
OD2568,C674,P2251,20201201,12/1/2020,2,Standard,2,564,55.00%,253
OD2569,C509,P2252,20210806,8/6/2021,6,Standard,4,634,55.00%,285
OD2570,C677,P2253,20210823,8/23/2021,9,Standard,2,236,50.00%,118
OD2571,C110,P2254,20200910,9/10/2020,4,Standard,2,444,50.00%,222
OD2572,C469,P2255,20181228,12/28/2018,7,Standard,1,456,50.00%,228
OD2573,C257,P2256,20190611,6/11/2019,0,Same Day,1,963,50.00%,481
OD2574,C691,P2257,20210910,9/10/2021,2,Standard,2,456,50.00%,228
OD2575,C381,P2258,20190414,4/14/2019,2,Standard,4,1189,30.00%,832
OD2576,C143,P2259,20180506,5/6/2018,8,Standard,3,1298,32.00%,882
OD2577,C830,P2260,20180817,8/17/2018,4,Standard,2,1456,25.00%,1092
OD2578,C232,P2261,20181020,10/20/2018,8,Standard,2,1478,45.00%,812
OD2579,C455,P2261,20190827,8/27/2019,8,Standard,4,256,15.00%,217
OD2580,C330,P2261,20201013,10/13/2020,0,Same Day,4,2698,33.00%,1807
OD2581,C749,P2261,20200316,3/16/2020,1,Prime,2,2364,42.00%,1371
OD2582,C427,P2261,20200226,2/26/2020,4,Standard,1,1236,42.00%,716
OD2583,C806,P2262,20200905,9/5/2020,3,Standard,1,756,39.00%,461
OD2584,C672,P2263,20180707,7/7/2018,9,Standard,2,326,39.00%,198
OD2585,C998,P2264,20180617,6/17/2018,8,Standard,1,453,39.00%,276
OD2586,C185,P2265,20210705,7/5/2021,6,Standard,4,326,39.00%,198
OD2587,C999,P2266,20190111,1/11/2019,5,Standard,3,456,30.00%,319
OD2588,C727,P2267,20200625,6/25/2020,6,Standard,4,675,30.00%,472
OD2589,C355,P2268,20180407,4/7/2018,0,Same Day,3,654,30.00%,457
OD2590,C323,P2269,20210908,9/8/2021,0,Same Day,2,654,25.00%,490
OD2591,C982,P2270,20181018,10/18/2018,7,Standard,2,654,25.00%,490
OD2592,C779,P2271,20181107,11/7/2018,1,Prime,3,654,30.00%,457
OD2593,C916,P2272,20180807,8/7/2018,9,Standard,1,356,30.00%,249
OD2594,C372,P2273,20190529,5/29/2019,8,Standard,2,686,30.00%,480
OD2595,C51,P2274,20211211,12/11/2021,6,Standard,3,456,40.00%,273
OD2596,C407,P2275,20180830,8/30/2018,5,Standard,1,516,40.00%,309
OD2597,C391,P2276,20210812,8/12/2021,0,Same Day,3,355,40.00%,213
OD2598,C97,P2277,20191115,11/15/2019,0,Same Day,2,465,40.00%,279
OD2599,C972,P2278,20200302,3/2/2020,1,Prime,2,965,40.00%,579
OD2600,C460,P2279,20190802,8/2/2019,5,Standard,4,1158,40.00%,694
OD2601,C969,P2280,20190525,5/25/2019,5,Standard,3,264,45.00%,145
OD2602,C957,P2280,20200411,4/11/2020,1,Prime,1,433,45.00%,238
OD2603,C646,P2280,20200823,8/23/2020,0,Same Day,2,562,45.00%,309
OD2604,C402,P2280,20200925,9/25/2020,9,Standard,4,423,47.00%,224
OD2605,C974,P2280,20200529,5/29/2020,4,Standard,4,621,47.00%,329
OD2606,C229,P2280,20210819,8/19/2021,4,Standard,1,333,46.00%,179
OD2607,C346,P2280,20210730,7/30/2021,1,Prime,2,236,46.00%,127
OD2608,C932,P2281,20211101,11/1/2021,5,Standard,4,456,46.00%,246
OD2609,C392,P2282,20200906,9/6/2020,8,Standard,1,963,30.00%,674
OD2610,C883,P2283,20180415,4/15/2018,1,Prime,1,234,30.00%,163
OD2611,C814,P2284,20200324,3/24/2020,9,Standard,3,456,30.00%,319
OD2612,C18,P2285,20191118,11/18/2019,1,Prime,3,564,30.00%,394
OD2613,C917,P2286,20200429,4/29/2020,2,Standard,2,634,30.00%,443
OD2614,C564,P2287,20180701,7/1/2018,6,Standard,4,236,35.00%,153
OD2615,C427,P2288,20211216,12/16/2021,5,Standard,4,444,35.00%,288
OD2616,C736,P2289,20180821,8/21/2018,7,Standard,3,456,35.00%,296
OD2617,C984,P2290,20190103,1/3/2019,7,Standard,2,963,35.00%,625
OD2618,C49,P2291,20201017,10/17/2020,5,Standard,4,456,35.00%,296
OD2619,C729,P2292,20200811,8/11/2020,9,Standard,1,1189,35.00%,772
OD2620,C646,P2293,20190906,9/6/2019,2,Standard,1,1298,40.00%,778
OD2621,C125,P2294,20181112,11/12/2018,2,Standard,1,1456,40.00%,873
OD2622,C654,P2295,20190909,9/9/2019,0,Same Day,1,1478,15.00%,1256
OD2623,C170,P2296,20200320,3/20/2020,6,Standard,3,256,15.00%,217
OD2624,C473,P2297,20191224,12/24/2019,4,Standard,2,2698,15.00%,2293
OD2625,C310,P2298,20181124,11/24/2018,3,Standard,1,2364,35.00%,1536
OD2626,C459,P2299,20180520,5/20/2018,9,Standard,1,1236,35.00%,803
OD2627,C45,P2300,20201129,11/29/2020,3,Standard,4,756,35.00%,491
OD2628,C139,P2301,20210212,2/12/2021,3,Standard,3,326,35.00%,211
OD2629,C211,P2302,20201019,10/19/2020,5,Standard,4,453,35.00%,294
OD2630,C305,P2303,20191001,10/1/2019,7,Standard,4,326,35.00%,211
OD2631,C186,P2304,20200331,3/31/2020,7,Standard,4,456,40.00%,273
OD2632,C615,P2305,20190329,3/29/2019,4,Standard,1,456,40.00%,273
OD2633,C42,P2306,20210729,7/29/2021,5,Standard,2,456,15.00%,387
OD2634,C144,P2307,20210925,9/25/2021,3,Standard,3,456,15.00%,387
OD2635,C980,P2308,20200331,3/31/2020,8,Standard,1,236,15.00%,200
OD2636,C924,P2309,20210502,5/2/2021,7,Standard,3,996,35.00%,647
OD2637,C725,P2310,20180305,3/5/2018,9,Standard,1,654,35.00%,425
OD2638,C966,P2311,20210401,4/1/2021,9,Standard,2,965,35.00%,627
OD2639,C09,P2312,20190404,4/4/2019,0,Same Day,2,1158,35.00%,752
OD2640,C569,P2313,20210627,6/27/2021,1,Prime,3,264,55.00%,118
OD2641,C845,P2314,20180820,8/20/2018,8,Standard,4,433,55.00%,194
OD2642,C993,P2315,20210724,7/24/2021,7,Standard,1,562,55.00%,252
OD2643,C21,P2316,20210311,3/11/2021,2,Standard,3,423,55.00%,190
OD2644,C148,P2317,20210906,9/6/2021,7,Standard,4,621,50.00%,310
OD2645,C175,P2318,20210614,6/14/2021,0,Same Day,2,333,50.00%,166
OD2646,C340,P2319,20190506,5/6/2019,9,Standard,1,236,50.00%,118
OD2647,C886,P2320,20180307,3/7/2018,3,Standard,2,456,50.00%,228
OD2648,C297,P2321,20200208,2/8/2020,2,Standard,1,963,50.00%,481
OD2649,C25,P2322,20210809,8/9/2021,5,Standard,4,234,30.00%,163
OD2650,C250,P2323,20210705,7/5/2021,6,Standard,1,456,32.00%,310
OD2651,C935,P2324,20210622,6/22/2021,3,Standard,4,564,25.00%,423
OD2652,C596,P2325,20180322,3/22/2018,6,Standard,1,634,45.00%,348
OD2653,C605,P2326,20190227,2/27/2019,8,Standard,3,236,15.00%,200
OD2654,C226,P2327,20200924,9/24/2020,1,Prime,2,444,33.00%,297
OD2655,C707,P2328,20181213,12/13/2018,2,Standard,1,456,42.00%,264
OD2656,C255,P2329,20190519,5/19/2019,4,Standard,1,963,42.00%,558
OD2657,C810,P2330,20190213,2/13/2019,2,Standard,2,456,39.00%,278
OD2658,C347,P2331,20180419,4/19/2018,7,Standard,1,1189,39.00%,725
OD2659,C03,P2331,20210605,6/5/2021,9,Standard,2,1298,39.00%,791
OD2660,C512,P2331,20211219,12/19/2021,7,Standard,4,1456,39.00%,888
OD2661,C950,P2331,20190721,7/21/2019,7,Standard,3,1478,37.00%,931
OD2662,C621,P2331,20211115,11/15/2021,8,Standard,3,256,37.00%,161
OD2663,C576,P2331,20210317,3/17/2021,3,Standard,2,2698,37.00%,1699
OD2664,C810,P2332,20210725,7/25/2021,4,Standard,3,2364,37.00%,1489
OD2665,C735,P2333,20210412,4/12/2021,4,Standard,2,1236,37.00%,778
OD2666,C279,P2334,20200508,5/8/2020,7,Standard,3,756,40.00%,453
OD2667,C831,P2335,20210715,7/15/2021,6,Standard,1,326,40.00%,195
OD2668,C343,P2336,20181223,12/23/2018,8,Standard,1,453,40.00%,271
OD2669,C08,P2337,20210627,6/27/2021,7,Standard,3,326,40.00%,195
OD2670,C338,P2338,20211231,12/31/2021,1,Prime,4,456,40.00%,273
OD2671,C276,P2339,20180103,1/3/2018,9,Standard,3,675,34.00%,445
OD2672,C82,P2340,20210412,4/12/2021,3,Standard,1,654,34.00%,431
OD2673,C284,P2341,20180612,6/12/2018,5,Standard,3,654,34.00%,431
OD2674,C920,P2342,20200603,6/3/2020,1,Prime,1,654,34.00%,431
OD2675,C94,P2343,20181026,10/26/2018,6,Standard,4,654,34.00%,431
OD2676,C953,P2344,20201203,12/3/2020,2,Standard,4,356,38.00%,220
OD2677,C967,P2345,20180907,9/7/2018,2,Standard,3,686,38.00%,425
OD2678,C989,P2346,20191012,10/12/2019,1,Prime,1,456,38.00%,282
OD2679,C617,P2347,20210529,5/29/2021,7,Standard,4,516,38.00%,319
OD2680,C329,P2348,20190504,5/4/2019,5,Standard,2,355,38.00%,220
OD2681,C92,P2349,20181230,12/30/2018,0,Same Day,3,465,21.00%,367
OD2682,C553,P2350,20181011,10/11/2018,0,Same Day,2,965,21.00%,762
OD2683,C562,P2351,20191107,11/7/2019,6,Standard,3,1158,21.00%,914
OD2684,C112,P2352,20190809,8/9/2019,7,Standard,1,264,21.00%,208
OD2685,C295,P2353,20180102,1/2/2018,4,Standard,1,433,21.00%,342
OD2686,C619,P2354,20180319,3/19/2018,4,Standard,2,562,22.00%,438
OD2687,C269,P2355,20200411,4/11/2020,3,Standard,1,423,22.00%,329
OD2688,C874,P2356,20180413,4/13/2018,5,Standard,1,621,22.00%,484
OD2689,C650,P2357,20190524,5/24/2019,5,Standard,1,333,22.00%,259
OD2690,C778,P2358,20180814,8/14/2018,2,Standard,2,236,22.00%,184
OD2691,C805,P2359,20211114,11/14/2021,8,Standard,1,456,22.00%,355
OD2692,C918,P2360,20200306,3/6/2020,6,Standard,4,963,30.00%,674
OD2693,C291,P2361,20200618,6/18/2020,0,Same Day,3,234,30.00%,163
OD2694,C588,P2362,20180918,9/18/2018,6,Standard,4,456,30.00%,319
OD2695,C135,P2363,20200205,2/5/2020,4,Standard,2,564,30.00%,394
OD2696,C885,P2364,20200924,9/24/2020,4,Standard,2,634,30.00%,443
OD2697,C41,P2365,20190714,7/14/2019,1,Prime,1,236,30.00%,165
OD2698,C631,P2366,20200101,1/1/2020,3,Standard,4,444,14.00%,381
OD2699,C460,P2367,20190930,9/30/2019,5,Standard,2,456,14.00%,392
OD2700,C392,P2368,20191025,10/25/2019,9,Standard,3,963,14.00%,828
OD2701,C106,P2369,20210725,7/25/2021,6,Standard,2,456,14.00%,392
OD2702,C585,P2370,20201217,12/17/2020,4,Standard,4,322,12.00%,283
OD2703,C436,P2371,20181023,10/23/2018,8,Standard,3,422,12.00%,371
OD2704,C21,P2372,20200218,2/18/2020,2,Standard,3,123,12.00%,108
OD2705,C953,P2373,20180120,1/20/2018,0,Same Day,1,324,12.00%,285
OD2706,C474,P2374,20190620,6/20/2019,3,Standard,3,222,12.00%,195
OD2707,C789,P2375,20201221,12/21/2020,8,Standard,1,342,12.00%,300
OD2708,C630,P2376,20180722,7/22/2018,3,Standard,1,124,34.00%,81
OD2709,C316,P2377,20180714,7/14/2018,1,Prime,2,324,34.00%,213
OD2710,C71,P2378,20200303,3/3/2020,9,Standard,2,756,34.00%,498
OD2711,C808,P2379,20180107,1/7/2018,4,Standard,1,326,34.00%,215
OD2712,C493,P2380,20200814,8/14/2020,2,Standard,4,453,34.00%,298
OD2713,C14,P2381,20201231,12/31/2020,8,Standard,1,326,34.00%,215
OD2714,C689,P2382,20201221,12/21/2020,3,Standard,4,456,44.00%,255
OD2715,C554,P2383,20200401,4/1/2020,5,Standard,3,456,44.00%,255
OD2716,C445,P2384,20200101,1/1/2020,1,Prime,3,456,44.00%,255
OD2717,C768,P2385,20210316,3/16/2021,5,Standard,3,456,44.00%,255
OD2718,C323,P2386,20200721,7/21/2020,2,Standard,1,236,44.00%,132
OD2719,C835,P2387,20190319,3/19/2019,8,Standard,4,996,10.00%,896
OD2720,C939,P2388,20180325,3/25/2018,1,Prime,1,654,10.00%,588
OD2721,C786,P2389,20201127,11/27/2020,8,Standard,3,456,10.00%,410
OD2722,C142,P2390,20190403,4/3/2019,4,Standard,2,785,30.00%,549
OD2723,C214,P2390,20191023,10/23/2019,7,Standard,3,365,30.00%,255
OD2724,C659,P2390,20180709,7/9/2018,1,Prime,3,965,30.00%,675
OD2725,C831,P2390,20210607,6/7/2021,5,Standard,2,444,25.00%,333
OD2726,C645,P2390,20210407,4/7/2021,2,Standard,4,569,25.00%,426
OD2727,C914,P2391,20180710,7/10/2018,9,Standard,3,475,30.00%,332
OD2728,C957,P2392,20180815,8/15/2018,4,Standard,4,598,30.00%,418
OD2729,C199,P2393,20210418,4/18/2021,7,Standard,2,536,30.00%,375
OD2730,C202,P2394,20201207,12/7/2020,9,Standard,2,256,40.00%,153
OD2731,C313,P2395,20190203,2/3/2019,0,Same Day,2,456,40.00%,273
OD2732,C931,P2396,20201229,12/29/2020,4,Standard,1,456,40.00%,273
OD2733,C612,P2397,20180420,4/20/2018,2,Standard,4,745,40.00%,447
OD2734,C649,P2398,20210308,3/8/2021,3,Standard,1,356,40.00%,213
OD2735,C241,P2399,20180116,1/16/2018,1,Prime,2,1189,40.00%,713
OD2736,C269,P2400,20190421,4/21/2019,8,Standard,3,426,45.00%,234
OD2737,C972,P2401,20180209,2/9/2018,2,Standard,1,1126,45.00%,619
OD2738,C884,P2402,20181217,12/17/2018,1,Prime,3,1145,45.00%,629
OD2739,C204,P2403,20211203,12/3/2021,9,Standard,1,1235,47.00%,654
OD2740,C410,P2404,20190224,2/24/2019,8,Standard,4,1564,47.00%,828
OD2741,C773,P2405,20180519,5/19/2018,6,Standard,3,654,46.00%,353
OD2742,C886,P2406,20190618,6/18/2019,5,Standard,1,854,46.00%,461
OD2743,C182,P2407,20190103,1/3/2019,0,Same Day,2,475,46.00%,256
OD2744,C787,P2408,20200106,1/6/2020,4,Standard,2,349,30.00%,244
OD2745,C320,P2409,20200210,2/10/2020,2,Standard,4,350,30.00%,245
OD2746,C231,P2410,20210606,6/6/2021,0,Same Day,4,351,30.00%,245
OD2747,C824,P2411,20180302,3/2/2018,3,Standard,1,352,30.00%,246
OD2748,C522,P2412,20210718,7/18/2021,1,Prime,2,353,30.00%,247
OD2749,C224,P2413,20190604,6/4/2019,1,Prime,3,354,35.00%,230
OD2750,C593,P2414,20201108,11/8/2020,2,Standard,1,355,35.00%,230
OD2751,C538,P2415,20200209,2/9/2020,7,Standard,1,356,35.00%,231
OD2752,C470,P2416,20210907,9/7/2021,7,Standard,2,999,35.00%,649
OD2753,C246,P2417,20210523,5/23/2021,6,Standard,4,555,35.00%,360
OD2754,C882,P2418,20180927,9/27/2018,5,Standard,3,555,35.00%,360
OD2755,C777,P2419,20190402,4/2/2019,8,Standard,4,555,40.00%,333
OD2756,C576,P2420,20180402,4/2/2018,3,Standard,1,555,40.00%,333
OD2757,C898,P2421,20180607,6/7/2018,0,Same Day,1,1025,15.00%,871
OD2758,C938,P2422,20190611,6/11/2019,7,Standard,2,1025,15.00%,871
OD2759,C384,P2423,20190920,9/20/2019,6,Standard,4,1025,15.00%,871
OD2760,C528,P2424,20200513,5/13/2020,6,Standard,1,555,35.00%,360
OD2761,C193,P2425,20210324,3/24/2021,2,Standard,1,599,35.00%,389
OD2762,C657,P2426,20211208,12/8/2021,3,Standard,4,555,35.00%,360
OD2763,C794,P2427,20211124,11/24/2021,9,Standard,2,555,35.00%,360
OD2764,C750,P2428,20190120,1/20/2019,8,Standard,2,565,55.00%,254
OD2765,C969,P2429,20200627,6/27/2020,5,Standard,3,555,55.00%,249
OD2766,C258,P2430,20210331,3/31/2021,4,Standard,3,999,55.00%,449
OD2767,C338,P2431,20200607,6/7/2020,2,Standard,3,999,55.00%,449
OD2768,C828,P2432,20210116,1/16/2021,8,Standard,4,999,50.00%,499
OD2769,C549,P2433,20180124,1/24/2018,4,Standard,3,999,50.00%,499
OD2770,C822,P2434,20180702,7/2/2018,4,Standard,3,1119,50.00%,559
OD2771,C97,P2435,20190202,2/2/2019,3,Standard,4,1119,50.00%,559
OD2772,C03,P2436,20200602,6/2/2020,3,Standard,3,1119,50.00%,559
OD2773,C21,P2437,20190813,8/13/2019,0,Same Day,2,1119,30.00%,783
OD2774,C134,P2438,20210807,8/7/2021,6,Standard,1,985,32.00%,669
OD2775,C297,P2439,20190228,2/28/2019,8,Standard,2,985,25.00%,738
OD2776,C506,P2440,20181010,10/10/2018,2,Standard,2,985,45.00%,541
OD2777,C709,P2441,20200911,9/11/2020,1,Prime,1,985,15.00%,837
OD2778,C332,P2442,20190918,9/18/2019,2,Standard,2,985,33.00%,659
OD2779,C62,P2443,20210807,8/7/2021,0,Same Day,1,369,42.00%,214
OD2780,C304,P2444,20181103,11/3/2018,5,Standard,2,399,42.00%,231
OD2781,C473,P2445,20200220,2/20/2020,6,Standard,4,399,39.00%,243
OD2782,C161,P2446,20180121,1/21/2018,1,Prime,4,399,39.00%,243
OD2783,C958,P2447,20201003,10/3/2020,7,Standard,3,399,39.00%,243
OD2784,C214,P2448,20180603,6/3/2018,5,Standard,4,555,39.00%,338
OD2785,C200,P2449,20201126,11/26/2020,3,Standard,1,555,30.00%,388
OD2786,C86,P2449,20201218,12/18/2020,4,Standard,3,555,30.00%,388
OD2787,C494,P2449,20200222,2/22/2020,7,Standard,2,555,30.00%,388
OD2788,C650,P2449,20210804,8/4/2021,2,Standard,4,675,25.00%,506
OD2789,C01,P2449,20200516,5/16/2020,2,Standard,3,675,25.00%,506
OD2790,C384,P2449,20211202,12/2/2021,3,Standard,4,675,30.00%,472
OD2791,C422,P2450,20180124,1/24/2018,0,Same Day,3,654,30.00%,457
OD2792,C226,P2451,20180420,4/20/2018,8,Standard,1,654,30.00%,457
OD2793,C797,P2452,20180914,9/14/2018,7,Standard,1,654,40.00%,392
OD2794,C17,P2453,20180630,6/30/2018,7,Standard,2,654,40.00%,392
OD2795,C123,P2454,20181210,12/10/2018,9,Standard,3,356,40.00%,213
OD2796,C187,P2455,20190821,8/21/2019,5,Standard,1,686,40.00%,411
OD2797,C994,P2456,20211209,12/9/2021,6,Standard,2,456,40.00%,273
OD2798,C659,P2457,20191027,10/27/2019,5,Standard,3,516,40.00%,309
OD2799,C270,P2458,20211112,11/12/2021,8,Standard,2,355,45.00%,195
OD2800,C413,P2459,20180722,7/22/2018,2,Standard,1,465,45.00%,255
OD2801,C755,P2460,20210118,1/18/2021,2,Standard,2,965,45.00%,530
OD2802,C526,P2461,20191130,11/30/2019,2,Standard,3,1158,47.00%,613
OD2803,C621,P2462,20200218,2/18/2020,9,Standard,4,264,47.00%,139
OD2804,C691,P2463,20200715,7/15/2020,2,Standard,1,433,46.00%,233
OD2805,C689,P2464,20181023,10/23/2018,8,Standard,3,562,46.00%,303
OD2806,C629,P2465,20200108,1/8/2020,3,Standard,3,423,46.00%,228
OD2807,C966,P2466,20200505,5/5/2020,6,Standard,2,621,30.00%,434
OD2808,C538,P2467,20180202,2/2/2018,8,Standard,1,333,30.00%,233
OD2809,C100,P2468,20190315,3/15/2019,6,Standard,4,236,30.00%,165
OD2810,C842,P2469,20181022,10/22/2018,8,Standard,4,456,30.00%,319
OD2811,C904,P2470,20201003,10/3/2020,2,Standard,2,963,30.00%,674
OD2812,C46,P2471,20200212,2/12/2020,3,Standard,1,234,35.00%,152
OD2813,C229,P2472,20180113,1/13/2018,7,Standard,4,456,35.00%,296
OD2814,C367,P2473,20191004,10/4/2019,5,Standard,1,564,35.00%,366
OD2815,C989,P2474,20200530,5/30/2020,4,Standard,2,634,35.00%,412
OD2816,C864,P2475,20181215,12/15/2018,3,Standard,1,236,35.00%,153
OD2817,C148,P2476,20201214,12/14/2020,7,Standard,1,444,35.00%,288
OD2818,C557,P2477,20211130,11/30/2021,0,Same Day,1,456,40.00%,273
OD2819,C152,P2478,20200219,2/19/2020,8,Standard,2,963,40.00%,577
OD2820,C397,P2479,20210606,6/6/2021,0,Same Day,2,456,15.00%,387
OD2821,C307,P2480,20191027,10/27/2019,7,Standard,2,1189,15.00%,1010
OD2822,C791,P2481,20180410,4/10/2018,3,Standard,4,1298,15.00%,1103
OD2823,C628,P2482,20210429,4/29/2021,8,Standard,3,1456,35.00%,946
OD2824,C852,P2483,20200831,8/31/2020,4,Standard,1,1478,35.00%,960
OD2825,C518,P2484,20210410,4/10/2021,2,Standard,3,256,35.00%,166
OD2826,C213,P2485,20201019,10/19/2020,8,Standard,1,2698,35.00%,1753
OD2827,C519,P2486,20200704,7/4/2020,8,Standard,1,2364,55.00%,1063
OD2828,C114,P2487,20180125,1/25/2018,3,Standard,1,1236,55.00%,556
OD2829,C133,P2488,20200923,9/23/2020,3,Standard,2,756,55.00%,340
OD2830,C575,P2489,20180125,1/25/2018,7,Standard,4,326,55.00%,146
OD2831,C658,P2490,20181030,10/30/2018,1,Prime,2,453,50.00%,226
OD2832,C704,P2491,20210125,1/25/2021,8,Standard,1,326,50.00%,163
OD2833,C21,P2492,20180203,2/3/2018,5,Standard,3,456,50.00%,228
OD2834,C994,P2493,20191019,10/19/2019,8,Standard,1,675,50.00%,337
OD2835,C437,P2494,20180424,4/24/2018,7,Standard,1,654,50.00%,327
OD2836,C286,P2495,20180720,7/20/2018,6,Standard,4,654,30.00%,457
OD2837,C213,P2496,20190101,1/1/2019,0,Same Day,1,654,32.00%,444
OD2838,C853,P2497,20200115,1/15/2020,2,Standard,2,654,25.00%,490
OD2839,C375,P2498,20210211,2/11/2021,1,Prime,4,356,45.00%,195
OD2840,C789,P2499,20190325,3/25/2019,4,Standard,4,686,15.00%,583
OD2841,C422,P2500,20190908,9/8/2019,4,Standard,4,456,33.00%,305
OD2842,C579,P2501,20180421,4/21/2018,4,Standard,1,516,42.00%,299
OD2843,C889,P2502,20200923,9/23/2020,3,Standard,4,355,42.00%,205
OD2844,C89,P2503,20210616,6/16/2021,4,Standard,4,465,39.00%,283
OD2845,C343,P2504,20200804,8/4/2020,2,Standard,2,965,39.00%,588
OD2846,C389,P2505,20200122,1/22/2020,0,Same Day,3,1158,39.00%,706
OD2847,C780,P2506,20180616,6/16/2018,4,Standard,2,264,39.00%,161
OD2848,C73,P2507,20191017,10/17/2019,8,Standard,2,433,30.00%,303
OD2849,C158,P2508,20200514,5/14/2020,8,Standard,3,562,30.00%,393
OD2850,C931,P2509,20210120,1/20/2021,3,Standard,3,423,30.00%,296
OD2851,C928,P2510,20201102,11/2/2020,2,Standard,4,621,25.00%,465
OD2852,C539,P2511,20190216,2/16/2019,0,Same Day,2,333,25.00%,249
OD2853,C386,P2512,20210226,2/26/2021,1,Prime,1,236,30.00%,165
OD2854,C981,P2513,20180312,3/12/2018,7,Standard,2,456,30.00%,319
OD2855,C655,P2514,20210225,2/25/2021,0,Same Day,3,963,30.00%,674
OD2856,C490,P2515,20210718,7/18/2021,7,Standard,4,234,40.00%,140
OD2857,C132,P2516,20190524,5/24/2019,6,Standard,4,456,40.00%,273
OD2858,C144,P2517,20210309,3/9/2021,7,Standard,4,564,40.00%,338
OD2859,C526,P2518,20200103,1/3/2020,5,Standard,1,634,40.00%,380
OD2860,C380,P2519,20200319,3/19/2020,8,Standard,1,236,40.00%,141
OD2861,C600,P2520,20201111,11/11/2020,2,Standard,3,444,40.00%,266
OD2862,C506,P2521,20210908,9/8/2021,9,Standard,4,456,45.00%,250
OD2863,C712,P2522,20211129,11/29/2021,3,Standard,2,963,45.00%,529
OD2864,C533,P2523,20201208,12/8/2020,5,Standard,4,456,45.00%,250
OD2865,C806,P2524,20190120,1/20/2019,7,Standard,2,1189,47.00%,630
OD2866,C403,P2525,20201110,11/10/2020,4,Standard,2,1298,47.00%,687
OD2867,C297,P2526,20180117,1/17/2018,2,Standard,1,1456,46.00%,786
OD2868,C209,P2527,20190404,4/4/2019,5,Standard,4,1478,46.00%,798
OD2869,C123,P2528,20180511,5/11/2018,3,Standard,3,256,46.00%,138
OD2870,C579,P2529,20200622,6/22/2020,8,Standard,4,2698,30.00%,1888
OD2871,C674,P2530,20200813,8/13/2020,2,Standard,4,2364,30.00%,1654
OD2872,C560,P2531,20201228,12/28/2020,3,Standard,3,1236,30.00%,865
OD2873,C887,P2532,20210503,5/3/2021,6,Standard,3,756,30.00%,529
OD2874,C720,P2533,20190130,1/30/2019,6,Standard,4,326,30.00%,228
OD2875,C527,P2533,20210823,8/23/2021,3,Standard,3,453,35.00%,294
OD2876,C08,P2533,20210630,6/30/2021,5,Standard,2,326,35.00%,211
OD2877,C484,P2533,20200317,3/17/2020,2,Standard,1,456,35.00%,296
OD2878,C846,P2533,20180520,5/20/2018,5,Standard,3,675,35.00%,438
OD2879,C691,P2533,20191220,12/20/2019,1,Prime,2,654,35.00%,425
OD2880,C819,P2533,20180731,7/31/2018,7,Standard,1,654,35.00%,425
OD2881,C883,P2534,20180616,6/16/2018,1,Prime,3,654,40.00%,392
OD2882,C282,P2535,20190925,9/25/2019,6,Standard,1,654,40.00%,392
OD2883,C706,P2536,20180905,9/5/2018,8,Standard,4,356,15.00%,302
OD2884,C257,P2537,20210529,5/29/2021,0,Same Day,3,686,15.00%,583
OD2885,C949,P2538,20200224,2/24/2020,7,Standard,2,456,15.00%,387
OD2886,C853,P2539,20211121,11/21/2021,6,Standard,2,516,35.00%,335
OD2887,C713,P2540,20190621,6/21/2019,5,Standard,1,355,35.00%,230
OD2888,C74,P2541,20210224,2/24/2021,5,Standard,2,465,35.00%,302
OD2889,C453,P2542,20210328,3/28/2021,5,Standard,2,965,35.00%,627
OD2890,C975,P2543,20200822,8/22/2020,8,Standard,3,1158,55.00%,521
OD2891,C461,P2544,20200603,6/3/2020,1,Prime,1,264,55.00%,118
OD2892,C441,P2545,20180315,3/15/2018,0,Same Day,2,433,55.00%,194
OD2893,C164,P2546,20190325,3/25/2019,5,Standard,4,562,55.00%,252
OD2894,C589,P2547,20211105,11/5/2021,9,Standard,3,423,50.00%,211
OD2895,C421,P2548,20190320,3/20/2019,7,Standard,2,621,50.00%,310
OD2896,C742,P2549,20180607,6/7/2018,2,Standard,2,333,50.00%,166
OD2897,C818,P2550,20190825,8/25/2019,9,Standard,2,236,50.00%,118
OD2898,C676,P2551,20210215,2/15/2021,0,Same Day,3,456,50.00%,228
OD2899,C137,P2552,20210106,1/6/2021,8,Standard,3,963,30.00%,674
OD2900,C708,P2553,20191126,11/26/2019,0,Same Day,1,234,32.00%,159
OD2901,C452,P2554,20200905,9/5/2020,2,Standard,3,456,25.00%,342
OD2902,C121,P2555,20190420,4/20/2019,7,Standard,2,564,45.00%,310
OD2903,C542,P2556,20180111,1/11/2018,2,Standard,2,634,15.00%,538
OD2904,C26,P2557,20190513,5/13/2019,3,Standard,4,236,33.00%,158
OD2905,C108,P2558,20200131,1/31/2020,7,Standard,3,444,33.00%,297
OD2906,C393,P2559,20210330,3/30/2021,0,Same Day,2,456,33.00%,305
OD2907,C455,P2560,20211106,11/6/2021,5,Standard,4,963,33.00%,645
OD2908,C881,P2561,20180728,7/28/2018,0,Same Day,1,456,33.00%,305
OD2909,C915,P2562,20210603,6/3/2021,0,Same Day,1,1189,45.00%,653
OD2910,C248,P2563,20210909,9/9/2021,7,Standard,1,1298,45.00%,713
OD2911,C221,P2564,20200331,3/31/2020,3,Standard,2,1456,45.00%,800
OD2912,C489,P2565,20190511,5/11/2019,0,Same Day,2,1478,45.00%,812
OD2913,C547,P2566,20200411,4/11/2020,9,Standard,1,256,23.00%,197
OD2914,C660,P2567,20200729,7/29/2020,6,Standard,4,2698,23.00%,2077
OD2915,C209,P2568,20200615,6/15/2020,4,Standard,1,2364,23.00%,1820
OD2916,C862,P2569,20210902,9/2/2021,4,Standard,3,1236,23.00%,951
OD2917,C123,P2570,20200909,9/9/2020,0,Same Day,2,756,23.00%,582
OD2918,C981,P2571,20180924,9/24/2018,9,Standard,2,326,12.00%,286
OD2919,C896,P2572,20190516,5/16/2019,5,Standard,3,453,12.00%,398
OD2920,C958,P2573,20180306,3/6/2018,8,Standard,2,326,12.00%,286
OD2921,C478,P2574,20180307,3/7/2018,8,Standard,3,456,12.00%,401
OD2922,C291,P2575,20190605,6/5/2019,7,Standard,1,456,12.00%,401
OD2923,C44,P2576,20181215,12/15/2018,4,Standard,1,456,12.00%,401
OD2924,C817,P2577,20200828,8/28/2020,0,Same Day,2,456,12.00%,401
OD2925,C951,P2578,20190607,6/7/2019,8,Standard,2,236,12.00%,207
OD2926,C03,P2579,20191206,12/6/2019,0,Same Day,1,996,12.00%,876
OD2927,C842,P2580,20210106,1/6/2021,7,Standard,3,654,12.00%,575
OD2928,C40,P2581,20190430,4/30/2019,4,Standard,1,654,35.00%,425
OD2929,C668,P2582,20181014,10/14/2018,2,Standard,3,654,35.00%,425
OD2930,C295,P2583,20210307,3/7/2021,6,Standard,4,654,35.00%,425
OD2931,C26,P2584,20211022,10/22/2021,6,Standard,1,456,35.00%,296
OD2932,C771,P2585,20181102,11/2/2018,8,Standard,3,1154,35.00%,750
OD2933,C203,P2586,20200506,5/6/2020,6,Standard,3,1632,35.00%,1060
OD2934,C647,P2587,20180907,9/7/2018,2,Standard,3,456,35.00%,296
OD2935,C165,P2588,20190715,7/15/2019,0,Same Day,2,1265,35.00%,822
OD2936,C479,P2589,20200725,7/25/2020,7,Standard,2,1149,35.00%,746
OD2937,C47,P2590,20210609,6/9/2021,2,Standard,4,1475,30.00%,1032
OD2938,C233,P2591,20211122,11/22/2021,7,Standard,4,1256,30.00%,879
OD2939,C83,P2592,20210811,8/11/2021,7,Standard,3,1425,30.00%,997
OD2940,C740,P2593,20200305,3/5/2020,4,Standard,2,2365,30.00%,1655
OD2941,C23,P2594,20200729,7/29/2020,0,Same Day,3,645,30.00%,451
OD2942,C236,P2595,20191024,10/24/2019,9,Standard,2,1236,30.00%,865
OD2943,C783,P2596,20210505,5/5/2021,6,Standard,2,654,30.00%,457
OD2944,C760,P2597,20200203,2/3/2020,9,Standard,4,654,30.00%,457
OD2945,C724,P2598,20191226,12/26/2019,4,Standard,3,654,30.00%,457
OD2946,C795,P2599,20190824,8/24/2019,7,Standard,3,654,30.00%,457
OD2947,C803,P2600,20180825,8/25/2018,8,Standard,2,356,25.00%,267
OD2948,C304,P2601,20210806,8/6/2021,6,Standard,2,686,25.00%,514
OD2949,C443,P2602,20210116,1/16/2021,6,Standard,1,456,25.00%,342
OD2950,C497,P2603,20211203,12/3/2021,0,Same Day,4,516,25.00%,387
OD2951,C253,P2604,20201121,11/21/2020,3,Standard,1,355,55.00%,159
OD2952,C804,P2605,20180612,6/12/2018,1,Prime,2,465,50.00%,232
OD2953,C673,P2606,20181104,11/4/2018,1,Prime,3,965,50.00%,482
OD2954,C196,P2607,20200109,1/9/2020,1,Prime,2,1158,50.00%,579
OD2955,C165,P2608,20200708,7/8/2020,3,Standard,1,264,50.00%,132
OD2956,C152,P2609,20201204,12/4/2020,0,Same Day,4,433,50.00%,216
OD2957,C540,P2610,20210124,1/24/2021,3,Standard,2,562,30.00%,393
OD2958,C471,P2611,20210614,6/14/2021,1,Prime,3,423,32.00%,287
OD2959,C03,P2612,20210503,5/3/2021,4,Standard,1,621,25.00%,465
OD2960,C359,P2613,20211115,11/15/2021,2,Standard,2,333,45.00%,183
OD2961,C08,P2614,20200613,6/13/2020,7,Standard,3,236,15.00%,200
OD2962,C183,P2615,20211104,11/4/2021,3,Standard,3,456,33.00%,305
OD2963,C295,P2616,20181117,11/17/2018,0,Same Day,2,963,42.00%,558
OD2964,C727,P2617,20200927,9/27/2020,0,Same Day,1,234,42.00%,135
OD2965,C66,P2618,20181103,11/3/2018,9,Standard,3,456,39.00%,278
OD2966,C100,P2619,20200109,1/9/2020,2,Standard,4,564,39.00%,344
OD2967,C88,P2620,20181202,12/2/2018,8,Standard,1,634,39.00%,386
OD2968,C790,P2621,20210223,2/23/2021,6,Standard,3,236,39.00%,143
OD2969,C866,P2622,20200805,8/5/2020,1,Prime,2,444,30.00%,310
OD2970,C366,P2623,20210429,4/29/2021,8,Standard,2,456,30.00%,319
OD2971,C978,P2624,20211109,11/9/2021,9,Standard,1,963,30.00%,674
OD2972,C268,P2625,20180218,2/18/2018,1,Prime,3,456,25.00%,342
OD2973,C09,P2626,20200911,9/11/2020,2,Standard,3,1189,25.00%,891
OD2974,C70,P2627,20200918,9/18/2020,9,Standard,1,1298,30.00%,908
OD2975,C805,P2628,20200906,9/6/2020,1,Prime,1,1456,30.00%,1019
OD2976,C522,P2629,20201117,11/17/2020,2,Standard,1,1478,30.00%,1034
OD2977,C704,P2630,20200721,7/21/2020,5,Standard,4,256,40.00%,153
OD2978,C990,P2631,20200205,2/5/2020,8,Standard,4,2698,40.00%,1618
OD2979,C994,P2632,20200807,8/7/2020,8,Standard,4,2364,40.00%,1418
OD2980,C821,P2633,20211201,12/1/2021,6,Standard,2,1236,40.00%,741
OD2981,C994,P2634,20180309,3/9/2018,2,Standard,4,756,40.00%,453
OD2982,C08,P2635,20190225,2/25/2019,3,Standard,4,326,40.00%,195
OD2983,C587,P2636,20191119,11/19/2019,5,Standard,4,453,45.00%,249
OD2984,C652,P2637,20180728,7/28/2018,4,Standard,3,326,45.00%,179
OD2985,C704,P2638,20180817,8/17/2018,1,Prime,4,456,45.00%,250
OD2986,C927,P2639,20211215,12/15/2021,5,Standard,1,675,47.00%,357
OD2987,C357,P2640,20200410,4/10/2020,2,Standard,4,654,47.00%,346
OD2988,C754,P2641,20210309,3/9/2021,7,Standard,2,654,46.00%,353
OD2989,C198,P2642,20200317,3/17/2020,1,Prime,2,654,46.00%,353
OD2990,C261,P2642,20180602,6/2/2018,0,Same Day,4,654,46.00%,353
OD2991,C54,P2642,20180402,4/2/2018,8,Standard,1,356,30.00%,249
OD2992,C145,P2642,20210618,6/18/2021,2,Standard,1,686,30.00%,480
OD2993,C420,P2642,20211218,12/18/2021,0,Same Day,3,456,30.00%,319
OD2994,C262,P2642,20210708,7/8/2021,6,Standard,1,516,30.00%,361
OD2995,C267,P2642,20200807,8/7/2020,9,Standard,3,355,30.00%,248
OD2996,C319,P2642,20211227,12/27/2021,4,Standard,3,465,35.00%,302
OD2997,C425,P2642,20200204,2/4/2020,4,Standard,1,965,35.00%,627
OD2998,C755,P2642,20200513,5/13/2020,0,Same Day,1,1158,35.00%,752
OD2999,C330,P2643,20210902,9/2/2021,8,Standard,3,264,35.00%,171
OD3000,C77,P2644,20190319,3/19/2019,6,Standard,2,433,35.00%,281
OD3001,C169,P2645,20180605,6/5/2018,7,Standard,4,562,35.00%,365
OD3002,C440,P2646,20180110,1/10/2018,8,Standard,2,423,40.00%,253
OD3003,C160,P2647,20190413,4/13/2019,5,Standard,1,621,40.00%,372
OD3004,C87,P2648,20201106,11/6/2020,4,Standard,1,333,15.00%,283
OD3005,C520,P2649,20191104,11/4/2019,5,Standard,3,236,15.00%,200
OD3006,C165,P2650,20200517,5/17/2020,1,Prime,4,456,15.00%,387
OD3007,C595,P2651,20200130,1/30/2020,3,Standard,1,963,35.00%,625
OD3008,C572,P2652,20210509,5/9/2021,2,Standard,4,234,35.00%,152
OD3009,C618,P2653,20210426,4/26/2021,6,Standard,2,456,35.00%,296
OD3010,C108,P2654,20211016,10/16/2021,8,Standard,4,564,35.00%,366
OD3011,C271,P2655,20180421,4/21/2018,4,Standard,2,634,55.00%,285
OD3012,C733,P2656,20210831,8/31/2021,5,Standard,1,236,55.00%,106
OD3013,C706,P2657,20201022,10/22/2020,9,Standard,1,444,55.00%,199
OD3014,C553,P2658,20190221,2/21/2019,1,Prime,3,456,55.00%,205
OD3015,C478,P2659,20191213,12/13/2019,2,Standard,2,963,50.00%,481
OD3016,C545,P2660,20181212,12/12/2018,2,Standard,2,456,50.00%,228
OD3017,C44,P2661,20190505,5/5/2019,8,Standard,4,1189,50.00%,594
OD3018,C569,P2662,20210624,6/24/2021,6,Standard,3,1298,50.00%,649
OD3019,C457,P2663,20180409,4/9/2018,7,Standard,3,1456,50.00%,728
OD3020,C250,P2664,20191221,12/21/2019,9,Standard,3,1478,30.00%,1034
OD3021,C798,P2665,20200405,4/5/2020,8,Standard,2,256,32.00%,174
OD3022,C343,P2666,20210809,8/9/2021,5,Standard,1,2698,25.00%,2023
OD3023,C810,P2667,20210102,1/2/2021,3,Standard,1,2364,45.00%,1300
OD3024,C403,P2668,20211125,11/25/2021,0,Same Day,4,1236,15.00%,1050
OD3025,C945,P2669,20180717,7/17/2018,7,Standard,4,756,33.00%,506
OD3026,C776,P2670,20200119,1/19/2020,6,Standard,2,326,33.00%,218
OD3027,C741,P2671,20180526,5/26/2018,1,Prime,1,453,33.00%,303
OD3028,C447,P2672,20200803,8/3/2020,7,Standard,3,326,33.00%,218
OD3029,C365,P2673,20180909,9/9/2018,4,Standard,1,456,33.00%,305
OD3030,C759,P2674,20180410,4/10/2018,6,Standard,4,456,45.00%,250
OD3031,C515,P2675,20210313,3/13/2021,3,Standard,1,456,45.00%,250
OD3032,C896,P2676,20191017,10/17/2019,4,Standard,3,456,45.00%,250
OD3033,C473,P2677,20211008,10/8/2021,7,Standard,4,236,45.00%,129
OD3034,C433,P2678,20190227,2/27/2019,0,Same Day,2,996,23.00%,766
OD3035,C975,P2679,20200918,9/18/2020,0,Same Day,1,654,23.00%,503
OD3036,C683,P2680,20190521,5/21/2019,3,Standard,1,456,23.00%,351
OD3037,C469,P2681,20190824,8/24/2019,2,Standard,2,785,23.00%,604
OD3038,C846,P2682,20180825,8/25/2018,9,Standard,2,365,23.00%,281
OD3039,C74,P2683,20210311,3/11/2021,1,Prime,3,965,12.00%,849
OD3040,C65,P2684,20190801,8/1/2019,2,Standard,1,444,12.00%,390
OD3041,C153,P2685,20191029,10/29/2019,0,Same Day,4,569,12.00%,500
OD3042,C292,P2686,20201011,10/11/2020,0,Same Day,1,475,12.00%,418
OD3043,C982,P2687,20180918,9/18/2018,5,Standard,3,598,12.00%,526
OD3044,C513,P2688,20190304,3/4/2019,4,Standard,4,536,12.00%,471
OD3045,C530,P2689,20180429,4/29/2018,7,Standard,4,256,12.00%,225
OD3046,C198,P2690,20181125,11/25/2018,1,Prime,4,456,12.00%,401
OD3047,C492,P2691,20190321,3/21/2019,3,Standard,3,456,12.00%,401
OD3048,C427,P2692,20210619,6/19/2021,7,Standard,1,745,12.00%,655
OD3049,C196,P2693,20210415,4/15/2021,5,Standard,4,356,35.00%,231
OD3050,C768,P2694,20180510,5/10/2018,0,Same Day,2,1189,35.00%,772
OD3051,C287,P2695,20190127,1/27/2019,3,Standard,3,426,35.00%,276
OD3052,C320,P2696,20190120,1/20/2019,0,Same Day,4,1126,35.00%,731
OD3053,C281,P2697,20180610,6/10/2018,1,Prime,3,1145,35.00%,744
OD3054,C153,P2698,20200919,9/19/2020,4,Standard,2,1235,35.00%,802
OD3055,C631,P2698,20210207,2/7/2021,7,Standard,4,1564,35.00%,1016
OD3056,C294,P2698,20201206,12/6/2020,7,Standard,1,654,35.00%,425
OD3057,C39,P2698,20200917,9/17/2020,2,Standard,3,854,35.00%,555
OD3058,C388,P2698,20181212,12/12/2018,3,Standard,4,475,30.00%,332
OD3059,C185,P2699,20200224,2/24/2020,9,Standard,4,349,30.00%,244
OD3060,C30,P2700,20210809,8/9/2021,5,Standard,3,350,30.00%,245
OD3061,C606,P2701,20210721,7/21/2021,9,Standard,2,351,30.00%,245
OD3062,C981,P2702,20190309,3/9/2019,2,Standard,3,352,30.00%,246
OD3063,C780,P2703,20190128,1/28/2019,1,Prime,1,353,30.00%,247
OD3064,C36,P2704,20191106,11/6/2019,5,Standard,2,354,30.00%,247
OD3065,C854,P2705,20180313,3/13/2018,4,Standard,1,355,30.00%,248
OD3066,C188,P2706,20190404,4/4/2019,9,Standard,1,356,30.00%,249
OD3067,C543,P2707,20200508,5/8/2020,4,Standard,3,999,30.00%,699
OD3068,C697,P2708,20191224,12/24/2019,9,Standard,4,555,25.00%,416
OD3069,C486,P2709,20200930,9/30/2020,4,Standard,2,555,25.00%,416
OD3070,C355,P2710,20211226,12/26/2021,9,Standard,1,555,25.00%,416
OD3071,C294,P2711,20190602,6/2/2019,4,Standard,4,555,25.00%,416
OD3072,C723,P2712,20180625,6/25/2018,2,Standard,4,703,30.00%,492
OD3073,C531,P2713,20191021,10/21/2019,6,Standard,4,985,30.00%,689
OD3074,C496,P2714,20211221,12/21/2021,5,Standard,2,939,30.00%,657
OD3075,C142,P2715,20211115,11/15/2021,3,Standard,4,1461,25.00%,1095
OD3076,C58,P2716,20201129,11/29/2020,1,Prime,3,1290,25.00%,967
OD3077,C158,P2717,20210311,3/11/2021,8,Standard,1,764,30.00%,534
OD3078,C202,P2718,20210328,3/28/2021,0,Same Day,4,1117,30.00%,781
OD3079,C464,P2719,20180903,9/3/2018,3,Standard,1,668,30.00%,467
OD3080,C903,P2720,20210113,1/13/2021,0,Same Day,2,1789,40.00%,1073
OD3081,C979,P2721,20200804,8/4/2020,5,Standard,1,1486,40.00%,891
OD3082,C540,P2722,20210819,8/19/2021,3,Standard,4,1304,40.00%,782
OD3083,C371,P2723,20190103,1/3/2019,4,Standard,2,1714,40.00%,1028
OD3084,C497,P2724,20210923,9/23/2021,4,Standard,2,1714,40.00%,1028
OD3085,C318,P2725,20190405,4/5/2019,8,Standard,2,1428,40.00%,856
OD3086,C342,P2726,20180309,3/9/2018,0,Same Day,2,1976,45.00%,1086
OD3087,C413,P2727,20180128,1/28/2018,1,Prime,2,909,45.00%,499
OD3088,C727,P2728,20200123,1/23/2020,5,Standard,1,1448,45.00%,796
OD3089,C432,P2729,20200701,7/1/2020,4,Standard,4,949,47.00%,502
OD3090,C428,P2730,20210816,8/16/2021,6,Standard,1,758,47.00%,401
OD3091,C162,P2731,20200406,4/6/2020,2,Standard,4,1479,46.00%,798
OD3092,C786,P2732,20180406,4/6/2018,2,Standard,2,1026,46.00%,554
OD3093,C931,P2733,20200205,2/5/2020,9,Standard,2,1943,46.00%,1049
OD3094,C74,P2734,20181130,11/30/2018,1,Prime,3,1250,30.00%,875
OD3095,C667,P2735,20180619,6/19/2018,2,Standard,3,1834,30.00%,1283
OD3096,C919,P2736,20181207,12/7/2018,9,Standard,1,736,30.00%,515
OD3097,C966,P2737,20201015,10/15/2020,0,Same Day,1,1689,30.00%,1182
OD3098,C860,P2738,20200611,6/11/2020,4,Standard,4,1293,30.00%,905
OD3099,C630,P2739,20210304,3/4/2021,4,Standard,4,719,35.00%,467
OD3100,C746,P2740,20180223,2/23/2018,6,Standard,3,1181,35.00%,767
OD3101,C898,P2741,20200514,5/14/2020,3,Standard,3,691,35.00%,449
OD3102,C591,P2742,20190913,9/13/2019,2,Standard,4,1152,35.00%,748
OD3103,C489,P2743,20211124,11/24/2021,0,Same Day,1,1901,35.00%,1235
OD3104,C446,P2744,20191123,11/23/2019,7,Standard,4,1185,35.00%,770
OD3105,C787,P2745,20190807,8/7/2019,2,Standard,1,985,40.00%,591
OD3106,C645,P2746,20180704,7/4/2018,1,Prime,4,1493,40.00%,895
OD3107,C966,P2747,20180116,1/16/2018,3,Standard,2,1052,15.00%,894
OD3108,C426,P2748,20200302,3/2/2020,2,Standard,2,1248,15.00%,1060
OD3109,C171,P2749,20180328,3/28/2018,0,Same Day,1,1481,15.00%,1258
OD3110,C709,P2750,20200918,9/18/2020,2,Standard,1,1937,35.00%,1259
OD3111,C684,P2751,20181029,10/29/2018,1,Prime,1,737,35.00%,479
OD3112,C834,P2752,20190825,8/25/2019,7,Standard,3,1542,35.00%,1002
OD3113,C277,P2753,20190124,1/24/2019,5,Standard,3,1028,35.00%,668
OD3114,C606,P2753,20190524,5/24/2019,8,Standard,4,888,55.00%,399
OD3115,C779,P2753,20191115,11/15/2019,7,Standard,3,1960,55.00%,881
OD3116,C620,P2753,20200428,4/28/2020,9,Standard,4,1315,55.00%,591
OD3117,C116,P2753,20190304,3/4/2019,2,Standard,4,1468,55.00%,660
OD3118,C825,P2754,20210405,4/5/2021,4,Standard,4,1157,50.00%,578
OD3119,C683,P2755,20200111,1/11/2020,6,Standard,1,1590,50.00%,795
OD3120,C654,P2756,20190409,4/9/2019,4,Standard,2,1799,50.00%,899
OD3121,C71,P2757,20190319,3/19/2019,7,Standard,3,859,50.00%,429
OD3122,C983,P2758,20190822,8/22/2019,4,Standard,4,748,50.00%,374
OD3123,C887,P2759,20201218,12/18/2020,0,Same Day,2,715,30.00%,500
OD3124,C621,P2760,20191222,12/22/2019,4,Standard,4,689,32.00%,468
OD3125,C830,P2761,20200505,5/5/2020,3,Standard,1,1301,25.00%,975
OD3126,C168,P2762,20180228,2/28/2018,5,Standard,4,1250,45.00%,687
OD3127,C411,P2763,20190107,1/7/2019,2,Standard,3,874,15.00%,742
OD3128,C959,P2764,20190529,5/29/2019,4,Standard,2,641,33.00%,429
OD3129,C801,P2765,20201206,12/6/2020,1,Prime,1,835,42.00%,484
OD3130,C816,P2766,20180115,1/15/2018,5,Standard,4,647,42.00%,375
OD3131,C241,P2767,20180116,1/16/2018,5,Standard,3,1546,39.00%,943
OD3132,C704,P2768,20180405,4/5/2018,4,Standard,3,1682,39.00%,1026
OD3133,C405,P2769,20190818,8/18/2019,5,Standard,1,1954,39.00%,1191
OD3134,C191,P2770,20180809,8/9/2018,6,Standard,3,1585,39.00%,966
OD3135,C555,P2771,20211203,12/3/2021,4,Standard,3,905,30.00%,633
OD3136,C604,P2772,20190114,1/14/2019,0,Same Day,3,1591,30.00%,1113
OD3137,C733,P2773,20190117,1/17/2019,7,Standard,3,1851,30.00%,1295
OD3138,C558,P2774,20200712,7/12/2020,3,Standard,4,1621,25.00%,1215
OD3139,C497,P2775,20200204,2/4/2020,8,Standard,1,1684,25.00%,1263
OD3140,C873,P2776,20180125,1/25/2018,9,Standard,2,1529,30.00%,1070
OD3141,C292,P2777,20210207,2/7/2021,5,Standard,2,1251,30.00%,875
OD3142,C176,P2778,20190121,1/21/2019,0,Same Day,3,640,30.00%,448
OD3143,C975,P2779,20200415,4/15/2020,2,Standard,4,1379,40.00%,827
OD3144,C865,P2780,20210802,8/2/2021,2,Standard,3,1510,40.00%,906
OD3145,C679,P2781,20181201,12/1/2018,9,Standard,3,1823,40.00%,1093
OD3146,C25,P2782,20210528,5/28/2021,3,Standard,4,762,40.00%,457
OD3147,C429,P2783,20200814,8/14/2020,5,Standard,1,812,40.00%,487
OD3148,C991,P2784,20201128,11/28/2020,6,Standard,2,1907,40.00%,1144
OD3149,C141,P2785,20190208,2/8/2019,9,Standard,4,1253,45.00%,689
OD3150,C328,P2786,20180104,1/4/2018,3,Standard,2,1242,45.00%,683
OD3151,C902,P2787,20200712,7/12/2020,5,Standard,4,726,45.00%,399
OD3152,C393,P2788,20210730,7/30/2021,0,Same Day,4,1718,47.00%,910
OD3153,C659,P2789,20210628,6/28/2021,7,Standard,3,1687,47.00%,894
OD3154,C576,P2790,20180527,5/27/2018,6,Standard,1,1882,46.00%,1016
OD3155,C649,P2791,20210313,3/13/2021,8,Standard,2,1801,46.00%,972
OD3156,C577,P2792,20190131,1/31/2019,2,Standard,1,1885,46.00%,1017
OD3157,C830,P2793,20210403,4/3/2021,1,Prime,3,730,30.00%,511
OD3158,C742,P2794,20190201,2/1/2019,0,Same Day,4,993,30.00%,695
OD3159,C348,P2795,20211028,10/28/2021,2,Standard,2,1021,30.00%,714
OD3160,C846,P2796,20210619,6/19/2021,4,Standard,1,1789,30.00%,1252
OD3161,C403,P2797,20180514,5/14/2018,1,Prime,2,614,30.00%,429
OD3162,C26,P2798,20190917,9/17/2019,2,Standard,2,1650,35.00%,1072
OD3163,C903,P2799,20210127,1/27/2021,3,Standard,2,731,35.00%,475
OD3164,C383,P2800,20200309,3/9/2020,6,Standard,1,1254,35.00%,815
OD3165,C808,P2801,20210210,2/10/2021,2,Standard,2,1968,35.00%,1279
OD3166,C712,P2802,20200923,9/23/2020,8,Standard,1,1930,35.00%,1254
OD3167,C551,P2803,20190917,9/17/2019,7,Standard,4,1860,35.00%,1209
OD3168,C666,P2804,20181102,11/2/2018,3,Standard,1,1667,40.00%,1000
OD3169,C453,P2805,20180623,6/23/2018,0,Same Day,3,915,40.00%,549
OD3170,C61,P2806,20200615,6/15/2020,0,Same Day,2,1586,15.00%,1348
OD3171,C994,P2807,20181222,12/22/2018,0,Same Day,3,1077,15.00%,915
OD3172,C256,P2808,20210113,1/13/2021,0,Same Day,3,787,15.00%,668
OD3173,C249,P2809,20190209,2/9/2019,7,Standard,4,1869,35.00%,1214
OD3174,C580,P2810,20191007,10/7/2019,2,Standard,4,936,35.00%,608
OD3175,C471,P2811,20181224,12/24/2018,5,Standard,1,1731,35.00%,1125
OD3176,C757,P2812,20211231,12/31/2021,2,Standard,1,1959,35.00%,1273
OD3177,C581,P2813,20210531,5/31/2021,4,Standard,2,1055,55.00%,474
OD3178,C552,P2814,20181224,12/24/2018,6,Standard,3,1400,55.00%,629
OD3179,C766,P2815,20190306,3/6/2019,1,Prime,4,1856,55.00%,835
OD3180,C202,P2816,20190216,2/16/2019,5,Standard,4,1155,55.00%,519
OD3181,C170,P2817,20200701,7/1/2020,5,Standard,2,1948,50.00%,974
OD3182,C593,P2818,20180106,1/6/2018,2,Standard,4,1033,50.00%,516
OD3183,C758,P2819,20200510,5/10/2020,5,Standard,3,758,50.00%,379
OD3184,C651,P2820,20190623,6/23/2019,9,Standard,3,1694,50.00%,847
OD3185,C127,P2821,20200313,3/13/2020,9,Standard,2,953,50.00%,476
OD3186,C713,P2822,20210716,7/16/2021,4,Standard,3,781,30.00%,546
OD3187,C697,P2823,20180224,2/24/2018,1,Prime,1,740,32.00%,503
OD3188,C41,P2824,20191204,12/4/2019,8,Standard,3,1477,25.00%,1107
OD3189,C816,P2825,20211016,10/16/2021,7,Standard,1,802,45.00%,441
OD3190,C761,P2826,20181111,11/11/2018,2,Standard,4,688,15.00%,584
OD3191,C675,P2827,20180216,2/16/2018,7,Standard,1,914,33.00%,612
OD3192,C457,P2828,20190906,9/6/2019,8,Standard,2,946,42.00%,548
OD3193,C676,P2829,20190224,2/24/2019,2,Standard,2,1838,42.00%,1066
OD3194,C513,P2830,20200628,6/28/2020,2,Standard,2,1451,39.00%,885
OD3195,C477,P2831,20210713,7/13/2021,1,Prime,2,1691,39.00%,1031
OD3196,C834,P2832,20210125,1/25/2021,7,Standard,2,1028,39.00%,627
OD3197,C778,P2833,20190814,8/14/2019,9,Standard,3,919,39.00%,560
OD3198,C699,P2834,20191206,12/6/2019,0,Same Day,4,1846,30.00%,1292
OD3199,C548,P2835,20201014,10/14/2020,7,Standard,1,885,30.00%,619
OD3200,C657,P2836,20180929,9/29/2018,6,Standard,1,1099,30.00%,769
OD3201,C702,P2837,20200305,3/5/2020,6,Standard,4,799,25.00%,599
OD3202,C508,P2838,20200824,8/24/2020,2,Standard,2,658,25.00%,493
OD3203,C853,P2839,20200119,1/19/2020,0,Same Day,2,1060,30.00%,742
OD3204,C569,P2840,20190908,9/8/2019,3,Standard,1,746,30.00%,522
OD3205,C356,P2841,20201006,10/6/2020,8,Standard,2,1638,30.00%,1146
OD3206,C476,P2842,20191119,11/19/2019,4,Standard,3,934,40.00%,560
OD3207,C320,P2843,20200506,5/6/2020,0,Same Day,3,1822,40.00%,1093
OD3208,C536,P2844,20200217,2/17/2020,4,Standard,3,1981,40.00%,1188
OD3209,C715,P2845,20210802,8/2/2021,7,Standard,4,796,40.00%,477
OD3210,C323,P2846,20200212,2/12/2020,7,Standard,4,796,40.00%,477
OD3211,C01,P2847,20180615,6/15/2018,4,Standard,3,646,40.00%,387
OD3212,C684,P2848,20210121,1/21/2021,8,Standard,4,645,45.00%,354
OD3213,C34,P2849,20200901,9/1/2020,0,Same Day,3,1102,45.00%,606
OD3214,C541,P2850,20200110,1/10/2020,3,Standard,2,1021,45.00%,561
OD3215,C557,P2851,20190413,4/13/2019,2,Standard,4,920,47.00%,487
OD3216,C370,P2852,20190211,2/11/2019,1,Prime,3,1993,47.00%,1056
OD3217,C553,P2853,20210620,6/20/2021,7,Standard,4,1164,46.00%,628
OD3218,C377,P2854,20200914,9/14/2020,6,Standard,1,1036,46.00%,559
OD3219,C128,P2854,20190115,1/15/2019,8,Standard,1,1590,46.00%,858
OD3220,C465,P2854,20190215,2/15/2019,1,Prime,3,967,30.00%,676
OD3221,C936,P2854,20200505,5/5/2020,3,Standard,3,1273,30.00%,891
OD3222,C786,P2854,20200423,4/23/2020,5,Standard,3,679,30.00%,475
OD3223,C896,P2854,20190506,5/6/2019,2,Standard,1,1492,30.00%,1044
OD3224,C338,P2855,20200216,2/16/2020,7,Standard,4,1797,30.00%,1257
OD3225,C641,P2856,20210427,4/27/2021,2,Standard,1,1422,35.00%,924
OD3226,C210,P2857,20191021,10/21/2019,1,Prime,3,759,35.00%,493
OD3227,C471,P2858,20181112,11/12/2018,2,Standard,3,1700,35.00%,1105
OD3228,C964,P2859,20190313,3/13/2019,5,Standard,3,1209,35.00%,785
OD3229,C811,P2860,20211210,12/10/2021,1,Prime,3,1955,35.00%,1270
OD3230,C427,P2861,20201206,12/6/2020,7,Standard,3,1916,35.00%,1245
OD3231,C329,P2862,20190619,6/19/2019,0,Same Day,3,1136,40.00%,681
OD3232,C900,P2863,20200503,5/3/2020,6,Standard,2,1728,40.00%,1036
OD3233,C844,P2864,20190219,2/19/2019,1,Prime,2,760,15.00%,646
OD3234,C117,P2865,20200219,2/19/2020,9,Standard,2,1678,15.00%,1426
OD3235,C202,P2866,20200818,8/18/2020,5,Standard,1,1069,15.00%,908
OD3236,C677,P2867,20191112,11/12/2019,1,Prime,4,865,35.00%,562
OD3237,C713,P2868,20190915,9/15/2019,1,Prime,3,1784,35.00%,1159
OD3238,C652,P2869,20201123,11/23/2020,9,Standard,2,1987,35.00%,1291
OD3239,C454,P2870,20180207,2/7/2018,7,Standard,1,1249,35.00%,811
OD3240,C710,P2871,20190910,9/10/2019,1,Prime,4,839,55.00%,377
OD3241,C763,P2872,20180528,5/28/2018,6,Standard,3,1858,55.00%,836
OD3242,C494,P2873,20210207,2/7/2021,2,Standard,3,1544,55.00%,694
OD3243,C174,P2874,20200614,6/14/2020,7,Standard,4,1695,55.00%,762
OD3244,C221,P2875,20201222,12/22/2020,6,Standard,4,902,50.00%,451
OD3245,C320,P2876,20180630,6/30/2018,7,Standard,4,1370,50.00%,685
OD3246,C390,P2877,20200520,5/20/2020,6,Standard,1,715,50.00%,357
OD3247,C345,P2878,20190530,5/30/2019,5,Standard,2,620,50.00%,310
OD3248,C56,P2879,20191027,10/27/2019,6,Standard,3,1424,50.00%,712
OD3249,C178,P2880,20190930,9/30/2019,4,Standard,2,1244,30.00%,870
OD3250,C708,P2881,20190808,8/8/2019,6,Standard,4,1958,32.00%,1331
OD3251,C301,P2882,20211110,11/10/2021,0,Same Day,3,603,25.00%,452
OD3252,C897,P2883,20190422,4/22/2019,0,Same Day,3,797,45.00%,438
OD3253,C34,P2883,20190310,3/10/2019,8,Standard,2,1543,15.00%,1311
OD3254,C725,P2883,20210826,8/26/2021,4,Standard,2,1017,33.00%,681
OD3255,C94,P2883,20180518,5/18/2018,4,Standard,3,1704,42.00%,988
OD3256,C104,P2883,20180617,6/17/2018,2,Standard,1,1125,42.00%,652
OD3257,C675,P2883,20200614,6/14/2020,4,Standard,4,1360,39.00%,829
OD3258,C167,P2884,20180912,9/12/2018,2,Standard,2,765,39.00%,466
OD3259,C208,P2885,20201230,12/30/2020,8,Standard,3,1790,39.00%,1091
OD3260,C325,P2886,20190330,3/30/2019,8,Standard,2,1613,39.00%,983
OD3261,C154,P2887,20181130,11/30/2018,5,Standard,3,666,30.00%,466
OD3262,C414,P2888,20211230,12/30/2021,0,Same Day,1,1628,30.00%,1139
OD3263,C808,P2889,20180724,7/24/2018,6,Standard,2,1979,30.00%,1385
OD3264,C748,P2890,20190411,4/11/2019,6,Standard,3,1050,25.00%,787
OD3265,C154,P2891,20210328,3/28/2021,9,Standard,2,1783,25.00%,1337
OD3266,C371,P2892,20210515,5/15/2021,9,Standard,3,716,30.00%,501
OD3267,C612,P2893,20190709,7/9/2019,3,Standard,4,1372,30.00%,960
OD3268,C58,P2894,20210513,5/13/2021,7,Standard,3,980,30.00%,686
OD3269,C323,P2895,20180131,1/31/2018,5,Standard,3,1006,40.00%,603
OD3270,C603,P2896,20210612,6/12/2021,3,Standard,3,630,40.00%,378
OD3271,C644,P2897,20200131,1/31/2020,3,Standard,3,1033,40.00%,619
OD3272,C40,P2898,20180613,6/13/2018,1,Prime,4,1885,40.00%,1131
OD3273,C958,P2899,20201226,12/26/2020,1,Prime,1,1799,40.00%,1079
OD3274,C664,P2900,20190131,1/31/2019,3,Standard,4,1530,40.00%,918
OD3275,C742,P2901,20190731,7/31/2019,4,Standard,1,755,45.00%,415
OD3276,C988,P2902,20210319,3/19/2021,7,Standard,1,1885,45.00%,1036
OD3277,C830,P2903,20180313,3/13/2018,5,Standard,4,1141,45.00%,627
OD3278,C472,P2904,20190810,8/10/2019,3,Standard,2,1370,47.00%,726
OD3279,C44,P2905,20180408,4/8/2018,6,Standard,1,1117,47.00%,592
OD3280,C607,P2906,20190304,3/4/2019,7,Standard,4,911,46.00%,491
OD3281,C512,P2907,20181217,12/17/2018,1,Prime,3,669,46.00%,361
OD3282,C69,P2908,20210117,1/17/2021,6,Standard,4,1029,46.00%,555
OD3283,C914,P2909,20210323,3/23/2021,1,Prime,1,1410,30.00%,987
OD3284,C138,P2910,20190312,3/12/2019,1,Prime,2,1576,30.00%,1103
OD3285,C783,P2911,20201118,11/18/2020,7,Standard,2,1798,30.00%,1258
OD3286,C338,P2912,20210911,9/11/2021,1,Prime,2,1960,30.00%,1372
OD3287,C669,P2913,20201127,11/27/2020,8,Standard,3,1174,30.00%,821
OD3288,C509,P2914,20210314,3/14/2021,0,Same Day,4,1543,35.00%,1002
OD3289,C237,P2915,20190326,3/26/2019,8,Standard,4,1434,35.00%,932
OD3290,C823,P2916,20190706,7/6/2019,0,Same Day,2,1378,35.00%,895
OD3291,C458,P2917,20211220,12/20/2021,9,Standard,3,738,35.00%,479
OD3292,C147,P2918,20210906,9/6/2021,9,Standard,2,1650,35.00%,1072
OD3293,C161,P2919,20190423,4/23/2019,1,Prime,1,1286,35.00%,835
OD3294,C687,P2920,20180307,3/7/2018,5,Standard,4,1320,40.00%,792
OD3295,C332,P2921,20181013,10/13/2018,5,Standard,3,1243,40.00%,745
OD3296,C477,P2922,20191123,11/23/2019,0,Same Day,2,930,15.00%,790
OD3297,C577,P2923,20200701,7/1/2020,6,Standard,3,1087,15.00%,923
OD3298,C864,P2924,20200921,9/21/2020,7,Standard,1,977,15.00%,830
OD3299,C58,P2925,20210522,5/22/2021,1,Prime,1,1526,35.00%,991
OD3300,C766,P2926,20190723,7/23/2019,7,Standard,4,1287,35.00%,836
OD3301,C653,P2927,20180614,6/14/2018,8,Standard,3,1601,35.00%,1040
OD3302,C940,P2928,20181002,10/2/2018,5,Standard,2,1890,35.00%,1228
OD3303,C363,P2929,20210527,5/27/2021,4,Standard,2,954,55.00%,429
OD3304,C141,P2930,20210419,4/19/2021,8,Standard,2,1492,55.00%,671
OD3305,C55,P2931,20200623,6/23/2020,8,Standard,4,1528,55.00%,687
OD3306,C440,P2932,20190628,6/28/2019,0,Same Day,1,1661,55.00%,747
OD3307,C325,P2933,20190521,5/21/2019,2,Standard,2,1962,50.00%,981
OD3308,C340,P2934,20211123,11/23/2021,8,Standard,4,1779,50.00%,889
OD3309,C323,P2934,20180529,5/29/2018,1,Prime,4,1485,50.00%,742
OD3310,C825,P2934,20210814,8/14/2021,3,Standard,4,1866,50.00%,933
OD3311,C885,P2934,20180419,4/19/2018,3,Standard,4,1576,50.00%,788
OD3312,C18,P2934,20180528,5/28/2018,1,Prime,4,1919,30.00%,1343
OD3313,C865,P2934,20180203,2/3/2018,2,Standard,4,1344,32.00%,913
OD3314,C1000,P2934,20180825,8/25/2018,2,Standard,1,1997,25.00%,1497
OD3315,C215,P2934,20181026,10/26/2018,0,Same Day,1,920,45.00%,506
OD3316,C250,P2935,20211125,11/25/2021,5,Standard,2,998,15.00%,848
OD3317,C297,P2936,20180322,3/22/2018,7,Standard,3,1323,33.00%,886
OD3318,C863,P2937,20200727,7/27/2020,2,Standard,1,1153,42.00%,668
OD3319,C786,P2938,20180730,7/30/2018,4,Standard,3,795,42.00%,461
OD3320,C665,P2939,20200407,4/7/2020,0,Same Day,2,897,39.00%,547
OD3321,C423,P2940,20200924,9/24/2020,9,Standard,1,1272,39.00%,775
OD3322,C22,P2941,20200128,1/28/2020,6,Standard,1,1564,39.00%,954
OD3323,C169,P2942,20191109,11/9/2019,9,Standard,2,1857,39.00%,1132
OD3324,C361,P2943,20200626,6/26/2020,0,Same Day,2,759,30.00%,531
OD3325,C898,P2944,20200904,9/4/2020,8,Standard,3,986,30.00%,690
OD3326,C740,P2945,20180401,4/1/2018,7,Standard,3,1926,30.00%,1348
OD3327,C362,P2946,20211117,11/17/2021,6,Standard,2,1060,25.00%,795
OD3328,C719,P2947,20210326,3/26/2021,9,Standard,1,1056,25.00%,792
OD3329,C20,P2948,20210318,3/18/2021,6,Standard,4,853,30.00%,597
OD3330,C769,P2949,20200101,1/1/2020,4,Standard,3,1390,30.00%,973
OD3331,C714,P2950,20200316,3/16/2020,4,Standard,2,1682,30.00%,1177
OD3332,C80,P2951,20210811,8/11/2021,4,Standard,1,830,40.00%,498
OD3333,C840,P2952,20180916,9/16/2018,0,Same Day,1,1804,40.00%,1082
OD3334,C261,P2953,20200302,3/2/2020,7,Standard,3,1458,40.00%,874
OD3335,C129,P2954,20180710,7/10/2018,0,Same Day,3,1199,40.00%,719
OD3336,C703,P2955,20180612,6/12/2018,3,Standard,4,776,40.00%,465
OD3337,C338,P2956,20191211,12/11/2019,8,Standard,3,730,40.00%,438
OD3338,C942,P2957,20180527,5/27/2018,8,Standard,4,1358,45.00%,746
OD3339,C408,P2958,20180116,1/16/2018,4,Standard,2,658,45.00%,361
OD3340,C18,P2959,20210121,1/21/2021,3,Standard,3,732,45.00%,402
OD3341,C491,P2959,20191022,10/22/2019,2,Standard,4,684,47.00%,362
OD3342,C580,P2959,20200321,3/21/2020,2,Standard,3,1441,47.00%,763
OD3343,C337,P2959,20180619,6/19/2018,4,Standard,2,1888,46.00%,1019
OD3344,C98,P2959,20180504,5/4/2018,9,Standard,2,1054,46.00%,569
OD3345,C455,P2959,20200515,5/15/2020,0,Same Day,4,736,46.00%,397
OD3346,C615,P2960,20180901,9/1/2018,4,Standard,1,1377,30.00%,963
OD3347,C926,P2961,20210926,9/26/2021,5,Standard,2,1300,30.00%,910
OD3348,C646,P2962,20190406,4/6/2019,6,Standard,2,1488,30.00%,1041
OD3349,C410,P2963,20200818,8/18/2020,8,Standard,2,1584,30.00%,1108
OD3350,C857,P2964,20180501,5/1/2018,2,Standard,2,698,30.00%,488
OD3351,C860,P2965,20200301,3/1/2020,1,Prime,1,1882,35.00%,1223
OD3352,C214,P2966,20181025,10/25/2018,2,Standard,2,1244,35.00%,808
OD3353,C19,P2967,20190929,9/29/2019,8,Standard,1,1082,35.00%,703
OD3354,C265,P2968,20200303,3/3/2020,6,Standard,3,1984,35.00%,1289
OD3355,C97,P2969,20200229,2/29/2020,8,Standard,1,637,35.00%,414
OD3356,C676,P2970,20200116,1/16/2020,1,Prime,4,1945,35.00%,1264
OD3357,C427,P2971,20201122,11/22/2020,4,Standard,3,1838,40.00%,1102
OD3358,C693,P2972,20190810,8/10/2019,3,Standard,1,1750,40.00%,1050
OD3359,C366,P2973,20190619,6/19/2019,1,Prime,1,1362,15.00%,1157
OD3360,C103,P2974,20211226,12/26/2021,8,Standard,1,1804,15.00%,1533
OD3361,C105,P2975,20211203,12/3/2021,8,Standard,1,1104,15.00%,938
OD3362,C606,P2976,20210521,5/21/2021,5,Standard,1,1898,35.00%,1233
OD3363,C291,P2977,20191102,11/2/2019,5,Standard,1,1289,35.00%,837
OD3364,C604,P2978,20200915,9/15/2020,7,Standard,4,1501,35.00%,975
OD3365,C769,P2979,20210101,1/1/2021,5,Standard,4,941,35.00%,611
OD3366,C741,P2980,20200517,5/17/2020,0,Same Day,4,1518,55.00%,683
OD3367,C577,P2981,20200630,6/30/2020,3,Standard,1,1668,55.00%,750
OD3368,C590,P2982,20180507,5/7/2018,6,Standard,3,716,55.00%,322
OD3369,C280,P2983,20210209,2/9/2021,1,Prime,4,713,55.00%,320
OD3370,C991,P2984,20180219,2/19/2018,8,Standard,2,785,50.00%,392
OD3371,C926,P2985,20191111,11/11/2019,7,Standard,2,707,50.00%,353
OD3372,C640,P2986,20211026,10/26/2021,7,Standard,1,802,50.00%,401
OD3373,C22,P2987,20181109,11/9/2018,6,Standard,3,1879,50.00%,939
OD3374,C417,P2988,20200113,1/13/2020,3,Standard,4,713,50.00%,356
OD3375,C166,P2989,20201202,12/2/2020,1,Prime,1,1806,30.00%,1264
OD3376,C993,P2990,20190810,8/10/2019,2,Standard,3,1915,32.00%,1302
OD3377,C88,P2991,20181017,10/17/2018,5,Standard,2,1333,25.00%,999
OD3378,C527,P2992,20200820,8/20/2020,4,Standard,4,908,45.00%,499
OD3379,C969,P2992,20180822,8/22/2018,7,Standard,1,1047,15.00%,889
OD3380,C933,P2992,20190604,6/4/2019,5,Standard,1,1720,33.00%,1152
OD3381,C316,P2992,20210614,6/14/2021,5,Standard,3,756,42.00%,438
OD3382,C259,P2992,20210801,8/1/2021,0,Same Day,1,809,42.00%,469
OD3383,C116,P2993,20210712,7/12/2021,3,Standard,1,784,39.00%,478
OD3384,C460,P2994,20181008,10/8/2018,4,Standard,4,663,39.00%,404
OD3385,C817,P2995,20180218,2/18/2018,2,Standard,2,935,39.00%,570
OD3386,C52,P2996,20180929,9/29/2018,8,Standard,2,946,39.00%,577
OD3387,C406,P2997,20200623,6/23/2020,0,Same Day,3,1548,30.00%,1083
OD3388,C489,P2998,20190627,6/27/2019,5,Standard,2,734,30.00%,513
OD3389,C427,P2999,20181116,11/16/2018,5,Standard,3,1239,30.00%,867
OD3390,C300,P3000,20210508,5/8/2021,9,Standard,4,1741,25.00%,1305
OD3391,C230,P3001,20201127,11/27/2020,4,Standard,3,1582,25.00%,1186
OD3392,C428,P3002,20180208,2/8/2018,4,Standard,2,1515,30.00%,1060
OD3393,C532,P3003,20210526,5/26/2021,9,Standard,1,1053,30.00%,737
OD3394,C92,P3004,20201103,11/3/2020,4,Standard,4,1396,30.00%,977
OD3395,C225,P3005,20190106,1/6/2019,5,Standard,2,1997,40.00%,1198
OD3396,C978,P3005,20190228,2/28/2019,7,Standard,4,1944,40.00%,1166
OD3397,C299,P3005,20180908,9/8/2018,1,Prime,3,1250,40.00%,750
OD3398,C145,P3005,20200307,3/7/2020,5,Standard,2,1718,40.00%,1030
OD3399,C909,P3005,20210112,1/12/2021,0,Same Day,1,940,40.00%,564
OD3400,C286,P3006,20200813,8/13/2020,3,Standard,1,1883,40.00%,1129
OD3401,C497,P3007,20190411,4/11/2019,9,Standard,1,1729,45.00%,950
OD3402,C697,P3008,20201017,10/17/2020,2,Standard,1,697,45.00%,383
OD3403,C625,P3009,20190115,1/15/2019,8,Standard,4,1623,45.00%,892
OD3404,C467,P3010,20180815,8/15/2018,2,Standard,2,1965,47.00%,1041
OD3405,C183,P3011,20190607,6/7/2019,5,Standard,1,1876,47.00%,994
OD3406,C864,P3012,20191203,12/3/2019,0,Same Day,1,1827,46.00%,986
OD3407,C606,P3013,20180222,2/22/2018,5,Standard,1,1384,46.00%,747
OD3408,C949,P3014,20190514,5/14/2019,3,Standard,3,949,46.00%,512
OD3409,C221,P3015,20190202,2/2/2019,7,Standard,2,1007,30.00%,704
OD3410,C540,P3016,20210407,4/7/2021,8,Standard,4,1575,30.00%,1102
OD3411,C233,P3017,20210410,4/10/2021,3,Standard,3,659,30.00%,461
OD3412,C649,P3018,20200204,2/4/2020,9,Standard,3,1778,30.00%,1244
OD3413,C353,P3019,20190607,6/7/2019,9,Standard,4,912,30.00%,638
OD3414,C354,P3020,20200324,3/24/2020,5,Standard,1,936,35.00%,608
OD3415,C571,P3021,20180310,3/10/2018,0,Same Day,1,1387,35.00%,901
OD3416,C394,P3022,20201002,10/2/2020,3,Standard,2,1563,35.00%,1015
OD3417,C72,P3023,20210321,3/21/2021,6,Standard,1,1507,35.00%,979
OD3418,C844,P3024,20190611,6/11/2019,0,Same Day,3,816,35.00%,530
OD3419,C824,P3025,20180729,7/29/2018,7,Standard,3,1098,35.00%,713
OD3420,C580,P3026,20200414,4/14/2020,9,Standard,3,708,40.00%,424
OD3421,C456,P3027,20180519,5/19/2018,5,Standard,4,1676,40.00%,1005
OD3422,C890,P3028,20180320,3/20/2018,4,Standard,1,1124,15.00%,955
OD3423,C754,P3029,20200825,8/25/2020,9,Standard,1,1103,15.00%,937
OD3424,C756,P3030,20200813,8/13/2020,8,Standard,1,1544,15.00%,1312
OD3425,C517,P3031,20191130,11/30/2019,1,Prime,1,1174,35.00%,763
OD3426,C892,P3032,20200823,8/23/2020,4,Standard,2,1834,35.00%,1192
OD3427,C333,P3033,20211120,11/20/2021,5,Standard,2,1963,35.00%,1275
OD3428,C357,P3034,20180808,8/8/2018,6,Standard,3,1171,35.00%,761
OD3429,C389,P3035,20210701,7/1/2021,4,Standard,3,1330,55.00%,598
OD3430,C842,P3036,20181007,10/7/2018,8,Standard,4,1711,55.00%,769
OD3431,C793,P3037,20180127,1/27/2018,0,Same Day,3,1057,55.00%,475
OD3432,C123,P3038,20190321,3/21/2019,6,Standard,1,937,55.00%,421
OD3433,C964,P3039,20191125,11/25/2019,9,Standard,3,652,50.00%,326
OD3434,C754,P3040,20211124,11/24/2021,6,Standard,3,1690,50.00%,845
OD3435,C195,P3041,20190617,6/17/2019,3,Standard,2,1982,50.00%,991
OD3436,C241,P3041,20210301,3/1/2021,8,Standard,1,782,50.00%,391
OD3437,C490,P3041,20200714,7/14/2020,4,Standard,4,1315,50.00%,657
OD3438,C434,P3041,20181228,12/28/2018,3,Standard,4,707,30.00%,494
OD3439,C19,P3041,20200529,5/29/2020,6,Standard,4,1530,32.00%,1040
OD3440,C78,P3041,20181227,12/27/2018,3,Standard,3,949,25.00%,711
OD3441,C192,P3041,20201024,10/24/2020,2,Standard,4,1833,45.00%,1008
OD3442,C362,P3042,20210812,8/12/2021,8,Standard,4,1214,15.00%,1031
OD3443,C416,P3043,20180422,4/22/2018,7,Standard,4,1450,33.00%,971
OD3444,C737,P3044,20180125,1/25/2018,0,Same Day,2,860,42.00%,498
OD3445,C932,P3045,20210417,4/17/2021,6,Standard,1,733,42.00%,425
OD3446,C82,P3046,20200811,8/11/2020,8,Standard,2,1088,39.00%,663
OD3447,C211,P3047,20200713,7/13/2020,7,Standard,1,2245,39.00%,1369
OD3448,C964,P3048,20200618,6/18/2020,7,Standard,2,2354,39.00%,1435
OD3449,C924,P3049,20191219,12/19/2019,5,Standard,1,2214,39.00%,1350
OD3450,C223,P3050,20210526,5/26/2021,3,Standard,4,2365,30.00%,1655
OD3451,C606,P3051,20211105,11/5/2021,7,Standard,4,2541,30.00%,1778
OD3452,C33,P3052,20180310,3/10/2018,2,Standard,4,1235,30.00%,864
OD3453,C496,P3053,20190204,2/4/2019,8,Standard,2,22365,25.00%,16773
OD3454,C906,P3054,20201101,11/1/2020,1,Prime,4,2245,25.00%,1683
OD3455,C823,P3054,20180827,8/27/2018,1,Prime,3,2245,30.00%,1571
OD3456,C974,P3054,20201231,12/31/2020,6,Standard,1,2542,30.00%,1779
OD3457,C604,P3054,20181111,11/11/2018,9,Standard,2,2263,30.00%,1584
OD3458,C881,P3054,20210404,4/4/2021,3,Standard,4,6523,40.00%,3913
OD3459,C741,P3054,20191015,10/15/2019,9,Standard,4,2345,40.00%,1407
OD3460,C633,P3054,20211224,12/24/2021,7,Standard,1,2354,40.00%,1412
OD3461,C442,P3054,20210413,4/13/2021,8,Standard,4,2245,40.00%,1347
OD3462,C411,P3054,20180513,5/13/2018,6,Standard,4,2254,40.00%,1352
OD3463,C961,P3054,20190519,5/19/2019,4,Standard,1,3256,40.00%,1953
OD3464,C549,P3055,20200121,1/21/2020,7,Standard,1,4235,45.00%,2329
OD3465,C86,P3056,20211120,11/20/2021,3,Standard,3,4454,45.00%,2449
OD3466,C969,P3057,20180502,5/2/2018,1,Prime,3,4454,45.00%,2449
OD3467,C259,P3058,20190821,8/21/2019,5,Standard,1,1002,47.00%,531
OD3468,C219,P3059,20200117,1/17/2020,8,Standard,2,938,47.00%,497
OD3469,C22,P3060,20200421,4/21/2020,0,Same Day,3,1247,46.00%,673
OD3470,C440,P3061,20180314,3/14/2018,9,Standard,1,1141,46.00%,616
OD3471,C622,P3062,20210424,4/24/2021,6,Standard,4,1869,46.00%,1009
OD3472,C45,P3063,20190317,3/17/2019,9,Standard,2,1002,30.00%,701
OD3473,C195,P3064,20191218,12/18/2019,8,Standard,4,1906,30.00%,1334
OD3474,C798,P3065,20181105,11/5/2018,9,Standard,3,946,30.00%,662
OD3475,C357,P3066,20190909,9/9/2019,8,Standard,4,1047,30.00%,732
OD3476,C95,P3067,20180908,9/8/2018,9,Standard,2,1903,30.00%,1332
OD3477,C177,P3068,20180305,3/5/2018,2,Standard,1,606,35.00%,393
OD3478,C746,P3068,20200307,3/7/2020,4,Standard,1,1267,35.00%,823
OD3479,C743,P3068,20200214,2/14/2020,7,Standard,2,1285,35.00%,835
OD3480,C899,P3068,20201229,12/29/2020,7,Standard,4,749,35.00%,486
OD3481,C671,P3068,20190907,9/7/2019,3,Standard,4,1268,35.00%,824
OD3482,C549,P3068,20191030,10/30/2019,0,Same Day,2,1116,35.00%,725
OD3483,C592,P3068,20180421,4/21/2018,0,Same Day,1,1523,40.00%,913
OD3484,C344,P3068,20180814,8/14/2018,3,Standard,4,1192,40.00%,715
OD3485,C887,P3068,20200821,8/21/2020,5,Standard,3,1705,15.00%,1449
OD3486,C288,P3069,20200719,7/19/2020,7,Standard,2,1415,15.00%,1202
OD3487,C479,P3070,20211211,12/11/2021,5,Standard,3,894,15.00%,759
OD3488,C133,P3070,20200327,3/27/2020,8,Standard,3,1059,35.00%,688
OD3489,C547,P3070,20180121,1/21/2018,8,Standard,1,1334,35.00%,867
OD3490,C73,P3070,20200411,4/11/2020,1,Prime,2,624,35.00%,405
OD3491,C333,P3071,20200417,4/17/2020,9,Standard,4,1730,35.00%,1124
OD3492,C732,P3071,20180829,8/29/2018,0,Same Day,4,1345,55.00%,605
OD3493,C580,P3071,20210717,7/17/2021,1,Prime,2,1906,55.00%,857
OD3494,C658,P3071,20190309,3/9/2019,4,Standard,1,846,55.00%,380
OD3495,C273,P3071,20201227,12/27/2020,3,Standard,4,688,55.00%,309
OD3496,C417,P3071,20180117,1/17/2018,3,Standard,4,1792,50.00%,896
OD3497,C354,P3071,20180823,8/23/2018,8,Standard,4,1947,50.00%,973
OD3498,C110,P3071,20201002,10/2/2020,7,Standard,1,1703,50.00%,851
OD3499,C303,P3071,20210912,9/12/2021,5,Standard,4,1662,50.00%,831
OD3500,C156,P3071,20210404,4/4/2021,0,Same Day,4,757,50.00%,378
